3466 5635
861 856 994 922 614
1422 861 1600 914 mm
1643 861 1881 912 cunm
1926 857 2397 910 cmcsnmu.

861 1069 1116 1134 pannos
1161 1070 1339 1114 meos
1383 1047 1468 1112 ad
1514 1047 2039 1134 qualemcunque
2083 1069 2277 1112 usum
2320 1046 2449 1112 sibi
2492 1044 2833 1133 placuerit,
2894 1047 2967 1108 et

861 1150 1014 1214 volo
1059 1151 1236 1237 quod
1281 1150 1602 1236 Magister
1631 1148 2025 1214 Wilhelmus
2056 1147 2320 1228 Kettill,
2351 1147 2688 1214 facultatis
2715 1146 2964 1212 artium

863 1253 1200 1340 Magister,
1230 1252 1472 1317 habeat
1502 1253 1794 1338 quinque
1842 1251 2046 1318 libros
2091 1272 2267 1318 meos
2310 1249 2692 1338 physicales,
2724 1269 2969 1316 nomen

863 1357 1064 1422 unius
1111 1362 1149 1392 “
1171 1353 1612 1442 'frefozwnx’
1658 1355 1828 1420 alter
1876 1361 1913 1390 “
1930 1352 1989 1422 J
1985 1353 2228 1420 acobuc
2270 1353 2731 1422 Eoo-cmm
2760 1371 2967 1438 super

865 1460 981 1546 tofi.
1047 1457 1227 1527 Gal?
1251 1455 1272 1494 ¹
1334 1463 1781 1545 nuncupatur,
1828 1455 2068 1523 tertius
2115 1477 2268 1523 vero
2312 1456 2481 1523 liber
2530 1462 2594 1492 '⁶‘
2613 1455 2715 1521 Dc
2750 1450 2968 1541 praxi

865 1559 1086 1627 amici
1131 1559 1244 1626 tui
1266 1556 1302 1584 ’³
1370 1564 1809 1646 nuncupatur,
1856 1563 2161 1645 quartus·
2202 1567 2238 1594 “
2264 1558 2528 1626 Tabula
2570 1558 2653 1625 de
2694 1554 2969 1642 ampli-

867 1663 1058 1730 cibws
1075 1662 1122 1734 ”,
1137 1661 1538 1740 nominatur,
1575 1665 1647 1727 et
1695 1661 1971 1748 quintus
2000 1667 2103 1728 est
2152 1667 2189 1698 “
2204 1661 2406 1730 Liber
2434 1662 2517 1730 dc
2544 1661 2885 1728 Attonom
2901 1655 2967 1738 ‚·”

867 1765 1032 1831 volo·
1063 1764 1266 1830 etiam
1311 1764 1501 1850 quod'
1529 1763 1700 1828 alius
1746 1785 2025 1851 magnus
2067 1764 2252 1843 liber,
2298 1765 2370 1830 in
2431 1787 2562 1851 quo
2622 1763 2971 1829 continen-

868 1872 982 1933 tur
1005 1886 1249 1942 ⁴omnes
1293 1865 1441 1932 istae
1486 1866 1801 1945 materiae,
1848 1866 2120 1948 scilicet,
2181 1875 2216 1903 “
2240 1866 2599 1953 Expositio
2660 1861 2971 1952 aphoris-

866 1989 1144 2034 morum
1203 1967 1292 2034 in
1359 1958 1911 2035 conclusionibus
1968 1968 2350 2036 secundum
2408 1969 2469 2036 J
2461 1968 2743 2036 acobwm
2801 1965 2971 2032 For-

865 2079 1241 2151 tuncmcm,
1309 2067 1402 2136 <fic
1427 2094 1455 2150 ;
1479 2070 1547 2101 ”'
1597 2079 1634 2106 “
1685 2071 2098 2154 Quoestiones
2182 2094 2385 2158 cuper
2444 2069 2703 2138 cosdem
2764 2068 2971 2135 libros

867 2172 1247 2240 secundum
1319 2171 1615 2240 cundem
1689 2172 2019 2240 doctorem
2054 2185 2101 2256 ;‘
2128 2174 2165 2204 ”
2242 2183 2277 2208 “
2327 2172 2681 2261 Expositio
2765 2191 2971 2258 super

868 2274 1160 2342 Sumwwc
1235 2273 1315 2341 de
1396 2272 1732 2361 pulsibus.
1761 2273 1798 2305 ’'
1873 2281 1942 2340 et
2018 2277 2411 2361 quaestiones
2504 2275 2813 2369 ejusdem,
2902 2285 2973 2338 et

869 2377 1139 2465 quidam
1187 2383 1225 2413 “
1246 2376 1346 2443 Dc
1389 2375 1950 2464 contemplatione
1980 2377 2203 2444 cordis
2224 2379 2259 2409 ”
2300 2379 2658 2444 secundum
2688 2375 2970 2444 eundem

870 2481 1204 2545 doctorem
1247 2499 1498 2544 novum
1543 2491 1829 2565 ponatur
1871 2479 1946 2543 in
1989 2479 2259 2546 libraria
2304 2481 2635 2547 communi
2681 2478 2972 2545 Univer-

871 2581 1089 2646 sitatis
1155 2581 1243 2645 sd
1305 2602 1498 2646 usum
1563 2601 1979 2647 communem
2041 2583 2254 2648 totius
2318 2581 2837 2660 Universitatis;
2882 2584 2969 2657 et,

871 2684 959 2748 ad
1003 2682 1227 2749 omnia
1269 2682 1402 2748 ista
1447 2683 1818 2766 voluntatis
1862 2705 2027 2752 meae
2070 2684 2333 2774 singula
2390 2682 2844 2772 perimplenda
2902 2686 2973 2746 et

870 2785 1272 2873 exequenda,
1319 2785 1552 2852 ordino
1598 2791 1668 2852 et
1713 2787 2045 2853 constituo
2090 2787 2303 2854 dictos
2350 2787 2751 2875 Magistrum
2806 2783 2971 2849 Wil-

871 2887 1164 2953 helmum
1209 2893 1279 2953 et
1323 2888 1682 2953 Ricardum
1726 2910 1918 2955 veros
1963 2896 2343 2957 executores
2404 2910 2583 2955 meos
2645 2910 2761 2975 per
2804 2909 2973 2974 prae-

763 3022 772 3031 ·
871 2993 1131 3070 sentes;
1221 2988 1306 3053 In
1353 2988 1539 3075 cujus
1583 2990 1681 3056 rei
1725 2990 2184 3057 testimonium
2215 2992 2650 3079 praesentibus
2678 2989 2974 3077 sigillum

871 3112 1092 3156 meum
1138 3091 1438 3178 apposui,
1485 3092 1590 3159 his
1634 3092 1939 3171 testibu8,
1986 3094 2033 3158 J
2036 3094 2295 3161 ohanne
2343 3094 2650 3180 Gryffyn,
2682 3093 2973 3169 scissore,

872 3192 1125 3258 Thoma
1169 3192 1506 3279 Merbury,
1551 3194 1901 3281 capellam,
1946 3201 2016 3261 et
2060 3195 2229 3261 aliis.

963 3292 1218 3359 Datum
1265 3293 1760 3379 quintodecimo
1805 3295 1913 3362 die
1956 3296 2227 3383 Aprilis,
2271 3320 2445 3362 anno
2509 3296 2784 3364 Domini
2829 3295 2980 3360 mil-

869 3396 1103 3462 lesimo
1181 3396 1836 3483 quadringentesimo
1915 3399 2460 3485 quinquagesimo
2549 3400 2775 3487 primo.
2882 3396 2977 3463 Et

871 3497 1036 3578 vol0,
1097 3497 1275 3583 quod
1336 3498 1659 3585 Magister
1701 3498 2094 3567 Wilhelmus
2138 3501 2382 3567 habeat
2440 3522 2645 3566 unum
2713 3508 2746 3536 “
2764 3498 2977 3565 Anti-

870 3598 1285 3681 dotavvzuanss’
1359 3602 1716 3666 secundum
1794 3602 2190 3689 Magistrum
2278 3603 2813 3669 Bartholomeum
2892 3602 2975 3667 de

873 3702 1312 3769 Mantiniana.

960 3804 1324 3870 Probatum
1394 3804 1529 3869 fuit
1592 3827 1883 3891 praesens
1950 3812 2425 3873 testamentum
2490 3829 2709 3874 coram
2761 3806 2973 3885 nobis,

879 3909 1204 3993 Magistro
1277 3908 1324 3972 J
1328 3908 1590 3973 ohanne
1664 3908 1865 3987 Beek‚
1934 3932 2135 3978 sacrae
2181 3912 2529 3999 theologiae
2598 3910 2974 3999 professore,

871 4008 1337 4075 Commissario
1383 4009 1676 4095 generali
1719 4010 2115 4078 venerabilis
2160 4014 2292 4078 viri
2336 4013 2647 4100 Magistri
2692 4010 2978 4077 Gilberti

877 4110 1150 4195 Kymer,
1183 4110 1378 4175 almae
1426 4109 1909 4177 Universitatis
1955 4114 2232 4181 Oxoniae
2280 4115 2686 4194 Cancellarii,
2733 4119 2803 4178 et
2862 4134 2983 4199 per

871 4232 994 4275 nos
1037 4211 1497 4296 approbatum,
1542 4234 1663 4299 pro
1709 4212 2070 4301 eodemque
2114 4216 2409 4303 legitime
2466 4214 2979 4303 pronunciatum

873 4318 945 4376 et
987 4310 1417 4391 insufflatum,
1449 4315 1923 4403 commissaque
1968 4316 2096 4382 fuit
2141 4318 2637 4383 administratio
2682 4316 2979 4381 omnium

869 4412 1191 4476 bonorum
1242 4411 1496 4479 dictum
1543 4420 2021 4482 testamentum
2070 4419 2608 4487 concernentium
2636 4417 2982 4503 Magistris

871 4512 1225 4579 Wilhelmo
1271 4520 1341 4578 et
1373 4515 1676 4597 RicardO,
1702 4520 2161 4587 executoribus
2205 4520 2641 4609 infrascriptis
2672 4520 2743 4585 in
2772 4520 2985 4585 forma

862 4612 1038 4701 juris
1075 4612 1338 4697 juratis,
1385 4623 1453 4681 et
1497 4640 1614 4704 per
1659 4640 1781 4684 nos
1826 4621 2127 4687 admissis
2172 4645 2287 4709 per
2318 4629 2717 4710 praesente83
2768 4628 2840 4689 et
2872 4642 2985 4706 eos

1719 4806 1737 4839 ¹
1760 4824 1913 4872 τεχνῃ
1928 4806 2124 4859 Galeas.
