3466 5635
1220 874 1228 880 .
1285 838 1642 890 Arrmmx
1689 839 1749 886 c.
2427 813 2555 886 Ι181

455 1013 543 1080 ad
585 1009 1054 1098 inquirendum
1099 1012 1170 1075 et
1214 1007 1664 1074 ordinandum
1710 1007 1794 1074 de
1838 1005 1923 1072 iis
1963 1024 2113 1091 quae
2152 1007 2454 1092 specta-nt
2482 1005 2569 1068 ad

455 1119 934 1181 testamentum
979 1111 1286 1200 Magistri
1329 1112 1434 1179 W.
1475 1112 1559 1177 de
1587 1109 1931 1188 Donelm0‚
1962 1129 2083 1196 pro
2126 1112 2206 1173 ut
2248 1108 2381 1174 istu
2423 1106 2569 1174 vice

461 1223 686 1306 potest
727 1213 1038 1294 ordinari,

548 1320 743 1388 Istud
825 1318 1040 1407 primo
1117 1317 1511 1405 inquirendo
1583 1316 2009 1396 invenerunt,
2088 1313 2267 1404 quod
2355 1315 2569 1382 dictus

471 1423 791 1510 Magister
836 1422 938 1488 W.
990 1425 1322 1488 trecentas
1386 1439 1640 1486 marcas
1698 1423 1769 1485 et
1837 1417 2061 1484 decem
2124 1416 2573 1484 Universitati

465 1525 718 1614 legavit
784 1523 908 1591 sub
973 1524 1098 1592 hec
1152 1524 1384 1604 forma,
1449 1522 1698 1589 scilicet
1757 1521 1937 1607 quod
1977 1542 2067 1588 ex
2120 1519 2241 1586 ills
2296 1520 2574 1607 pecunia

467 1634 846 1696 emerentur
902 1627 1204 1694 redditus
1261 1625 1469 1692 annui
1510 1625 1599 1692 ad
1643 1645 1810 1712 opus
1854 1623 2077 1692 decem
2118 1622 2229 1689 vel
2269 1623 2573 1690 undecim

467 1733 579 1798 vel
621 1730 972 1798 duodecim
1027 1729 1136 1796 vel
1180 1728 1468 1816 plurium
1530 1727 2022 1815 Magistrorum,
2069 1726 2188 1814 qui
2228 1730 2449 1796 essent
2490 1726 2575 1793 de

466 1834 842 1902 redditibus
883 1832 1064 1898 illius
1106 1831 1402 1919 pecuniae
1447 1830 1823 1898 sustentati

569 1937 872 2023 Insuper,
900 1957 1020 2022 per
1079 1939 1326 2001 certam
1377 1933 1875 2020 inquisitionem
1924 1933 2351 2014 invenerunt,
2395 1932 2573 2020 quod

470 2039 681 2127 empti
725 2043 916 2104 erant
955 2037 1256 2104 redditus
1299 2036 1388 2103 ad
1432 2035 1727 2104 valorem
1784 2035 2145 2104 octodecim
2204 2057 2573 2106 marcarum

469 2142 582 2212 vel
624 2141 884 2208 circiter
926 2141 1010 2208 de
1052 2140 1332 2228 pecunia.
1374 2141 1732 2207 nominata„

559 2243 746 2310 Dicti
799 2263 962 2310 vero
1020 2241 1330 2330 Magistri
1373 2241 1656 2307 ulterius
1708 2239 2121 2326 inquirentes
2180 2239 2261 2306 de
2312 2240 2575 2307 residuo

472 2346 767 2435 pecuniae
809 2346 1232 2424 invenerunt,
1276 2344 1454 2431 quod
1504 2343 1929 2412 Universitas
1974 2343 2371 2409 oxoniensis
2432 2343 2578 2430 ipss

472 2449 778 2536 indigens
844 2469 962 2535 pro
1030 2469 1100 2514 se
1161 2452 1233 2513 et
1298 2445 1692 2532 quibusdam
1766 2445 2187 2533 magnatibus
2235 2450 2432 2513 terrae
2490 2445 2578 2511 ad

474 2551 688 2639 ipsam
718 2549 1252 2616 Universitetetn
1297 2548 1796 2616 recurrentibus
1838 2549 2169 2616 residuam
2212 2549 2575 2638 pecuniam,

475 2653 785 2721 videlicet
828 2657 1095 2720 centum
1153 2651 1358 2719 libras
1401 2658 1472 2718 et
1515 2652 1741 2719 decem
1791 2673 2044 2718 marcas
2094 2651 2575 2742 sterlingorum,

477 2756 728 2845 partim
791 2777 912 2844 pro
973 2756 1110 2821 suis
1169 2755 1458 2843 negotiis
1503 2759 1575 2822 et
1625 2754 1873 2842 partim
1924 2755 2077 2823 eliis
2131 2759 2369 2825 mutuo
2425 2777 2579 2825 con-

475 2860 674 2927 cessit
715 2859 1026 2947 personis,
1071 2859 1155 2925 de
1198 2858 1440 2946 quibus
1482 2859 1656 2923 nihil
1699 2864 1804 2925 est
1844 2860 2111 2947 penitus
2152 2860 2555 2929 restitutum.

573 2963 1048 3050 Magistrorum
1090 2984 1246 3028 vero
1304 2960 1397 3027 sic
1454 2961 1543 3027 ab
1588 2960 2050 3029 'Universitate
2093 2963 2579 3051 deputatorum,

477 3069 548 3131 et
590 3063 1008 3131 voluntatem
1048 3065 1388 3131 testatoris
1431 3063 2006 3143 considerantium,
2057 3066 2211 3132 talis
2261 3070 2367 3133 est
2408 3067 2584 3133 ordi-

479 3167 684 3248 natio,
729 3166 910 3252 quod
952 3166 1036 3232 de
1076 3166 1269 3233 bonis
1327 3166 1571 3254 emptis
1613 3168 1698 3232 de
1740 3166 2021 3253 pecunia
2065 3167 2212 3253 jam
2268 3170 2585 3257 praedicte

481 3273 767 3356 quatuor
811 3268 1120 3355 Magistri
1179 3268 1348 3335 bene
1411 3268 1663 3336 literati
1731 3270 1801 3334 et
1868 3267 2266 3357 morigerati,
2328 3273 2445 3359 qui
2507 3273 2584 3339 in

479 3372 738 3438 artibus
780 3370 1094 3450 rexerint,
1142 3370 1475 3458 eligantur
1515 3372 1733 3458 prima
1777 3370 1925 3437 vice
1967 3371 2089 3438 sub
2134 3373 2256 3440 hac
2298 3374 2555 3441 forme:

574 3472 1038 3553 (lancellam-ius,
1084 3475 1338 3541 vocatis
1383 3472 1725 3561 Magistris
1768 3474 1844 3539 in
1886 3474 2237 3563 theologia,
2282 3478 2365 3543 de
2408 3478 2580 3565 ipso·

483 3596 632 3641 rum
674 3574 948 3641 consilio
977 3576 1248 3641 vocabit
1291 3575 1612 3662 quosdam
1656 3576 2015 3663 Magistros
2056 3578 2143 3643 de
2184 3578 2335 3645 aliis
2378 3578 2584 3646 fecul-

483 3676 756 3755 tatibus,
786 3698 950 3763 quos
977 3678 1226 3743 viderit
1271 3698 1412 3743 esse
1443 3679 1773 3745 vocandos
1802 3703 1819 3760 ;
1860 3684 1933 3745 et
1972 3679 2076 3745 illi
2120 3682 2425 3771 Magistri
2452 3706 2587 3751 una

485 3802 638 3846 cum
707 3779 1133 3859 cancellario,
1184 3781 1260 3845 in
1332 3780 1468 3847 fide
1542 3802 1674 3868 qua.
1749 3786 2069 3849 tenentur
2134 3784 2585 3854 Universitati

483 3882 757 3959 astricti,
793 3882 1043 3969 eligent
1086 3883 1168 3948 de
1211 3881 1538 3963 omnibus,
1585 3884 1704 3970 qui
1762 3904 1831 3950 se
1889 3884 2181 3953 offenmt
2224 3887 2313 3954 ad
2356 3890 2585 3955 viven-

489 3984 650 4049 dum
681 3984 766 4050 de
799 3984 1174 4051 redditibus
1218 3986 1402 4071 prius
1443 3985 1658 4065 dictis,
1704 3991 1991 4071 quatuor
2020 3988 2394 4077 Magistros,
2423 4012 2588 4081 quos

485 4086 782 4153 viderint
839 4086 1200 4153 seeundum
1242 4108 1431 4155 suam
1474 4088 1939 4155 conscientiam
1983 4090 2072 4157 ad
2114 4092 2587 4180 proficiendum

487 4189 562 4254 in
606 4193 837 4257 sancta
879 4189 1170 4256 Ecclesia
1227 4190 1533 4279 aptioreS,
1577 4191 1694 4277 qui
1744 4192 2011 4259 aliunde
2054 4216 2194 4260 non
2235 4195 2589 4265 habuerint

487 4292 667 4357 unde
710 4291 786 4357 in
827 4295 1014 4358 statu
1055 4292 1422 4379 magisterii
1471 4292 1695 4360 vivere
1756 4294 2013 4381 poesint
2070 4296 2361 4382 honeste,
2404 4299 2591 4388 cujus

487 4393 954 4481 interpretatio
999 4393 1386 4481 eligentium
1419 4395 1676 4482 judicio
1715 4397 2141 4485 relinquatur.

578 4496 906 4584 Deinceps
949 4501 1176 4563 autem
1216 4496 1397 4564 idem
1442 4498 1572 4565 erit
1613 4498 1848 4566 modus
1890 4500 2196 4589 eligendi,
2240 4502 2369 4570 nisi
2413 4507 2590 4593 quod

489 4598 593 4665 illi
648 4604 949 4686 quatuor,
997 4599 1114 4685 qui
1164 4605 1624 4668 sustentantur
1687 4601 1771 4668 de
1836 4602 1953 4669 illa
2018 4605 2445 4696 eleemosyna,
2505 4610 2591 4675 ad

494 4701 884 4768 electionem
926 4724 1062 4768 una
1105 4724 1254 4768 cum
1297 4704 1633 4791 praedictis
1674 4712 2009 4773 vocentur.
