3466 5635
830 804 958 868 596
1379 807 1559 862 Ασιᾏ
1603 808 1841 864 0031AE
1887 804 2366 859 omentum.

906 994 1100 1072 Item,
1144 993 1292 1080 lego
1335 991 1600 1060 fabricae
1645 989 1932 1058 eeclesiae
1963 987 2027 1060 S.
2062 987 2246 1058 Petri
2276 987 2351 1056 in
2380 986 2654 1057 Oriente
2681 986 2935 1074 viginti

818 1096 1120 1276 ᾶθῗξτῗ
1123 1147 1275 1284 lego
1306 1197 1391 1261 ad
1422 1193 1907 1282 reparationem
1951 1193 2315 1260 communis
2346 1192 2477 1258 viae
2506 1191 2583 1256 in
2625 1191 2933 1278 parochia

819 1299 886 1368 S.
956 1299 1188 1372 Mariae
1253 1297 1666 1386 magdalenae
1727 1300 1921 1368 extra
1980 1299 2241 1382 portam
2300 1293 2629 1364 borealem
2688 1293 2933 1380 viginti
3042 1383 3047 1388 ,

819 1402 1134 1468 denarios,

907 1504 1103 1584 Item,
1151 1503 1298 1588 lego
1344 1501 1703 1571 Wilhelmo
1767 1497 2179 1587 apprenticio
2232 1519 2379 1566 meo
2446 1519 2661 1564 meam
2706 1517 2936 1564 secun·

821 1606 976 1672 dam
1002 1604 1297 1672 blodiam
1327 1607 1570 1690 togam,
1599 1607 1826 1689 togam
1855 1623 2069 1670 meam
2115 1601 2571 1686 stragulatam,
2600 1598 2935 1668 meliorem

819 1707 1176 1794 diploidem
1209 1728 1443 1783 meam,
1471 1710 1541 1771 et
1572 1705 1705 1772 alia
1736 1705 2182 1774 instrumenta
2224 1724 2375 1770 oum
2420 1701 2732 1788 pecuniis,
2764 1700 2937 1768 sicut

821 1809 903 1876 fit
946 1810 1200 1880 mentio
1243 1807 1318 1874 in
1363 1807 1722 1876 indentura
1766 1827 1903 1872 suae
1948 1804 2530 1892 apprentioietatis.

911 1911 962 1975 I
957 1917 1104 1991 tem,
1148 1910 1304 1976 volo
1351 1909 1532 1995 quod
1595 1913 2054 1979 tenementum
2122 1929 2345 1974 meum
2410 1928 2560 1976 oum
2628 1905 2935 1972 omnibus

821 2013 1018 2081 terris
1063 2019 1132 2081 et
1176 2010 1595 2098 pertinentiis
1624 2011 1760 2076 suis
1788 2011 1863 2076 in
1894 2010 2273 2094 Beryntone
2316 2008 2389 2074 in
2434 2006 2752 2076 comitatu
2783 2007 2937 2073 Glo-

821 2115 1160 2182 cestriensi
1191 2114 1564 2182 vendentur
1593 2135 1712 2199 per
1755 2134 1933 2178 meos
1964 2116 2362 2189 executores,
2394 2115 2464 2176 et
2494 2110 2671 2195 quod
2699 2110 2939 2176 fratres

825 2215 1196 2303 Hospitalis
1227 2215 1293 2282 S.
1330 2214 1561 2280 Mariae
1611 2214 2024 2300 Magdalenae
2070 2213 2143 2279 in
2187 2213 2529 2279 hundredo
2575 2212 2659 2277 de
2688 2212 2939 2278 Dodes-

822 2322 980 2383 tone
1048 2339 1252 2405 prope
1317 2316 1751 2380 Glocestriam
1827 2315 2195 2403 percipiant
2267 2314 2425 2382 inde
2502 2314 2584 2380 de
2658 2315 2939 2402 pecunia

823 2423 1107 2506 recepta,
1153 2418 1239 2482 ad
1284 2417 1606 2483 fabricam
1649 2417 1934 2482 ecclesiae
1994 2439 2239 2496 eorum,
2289 2417 2731 2502 quadraginta
2790 2416 2939 2481 soli-

826 2522 985 2601 dos3
1046 2526 1115 2586 et
1159 2521 1336 2606 quod
1384 2520 1711 2584 Katerina
1773 2541 1942 2584 uxor
2004 2540 2151 2583 mea
2216 2518 2534 2604 percipiat
2600 2518 2937 2584 residuum

825 2623 1260 2710 quodcunque
1337 2621 1532 2687 dictae
1606 2621 1901 2708 pecuniae
1973 2620 2063 2686 ad
2134 2641 2329 2684 usum
2403 2641 2595 2684 suum
2672 2624 2740 2685 et
2814 2619 2937 2684 filii

825 2724 1054 2790 nostri.

863 2856 866 2861 ·
922 2827 1105 2904 Item,
1155 2826 1240 2891 do
1287 2832 1356 2894 et
1399 2826 1544 2912 lego
1588 2824 2029 2891 reversionem
2091 2826 2457 2891 tenementi
2500 2826 2631 2891 mei
2676 2827 2751 2891 in
2794 2826 2939 2893 vico

828 2931 910 2997 de
959 2936 994 2965 “
1018 2926 1382 3005 Oatstretej'
1443 2928 1676 2993 situati
1752 2927 1931 2993 inter
1988 2931 2443 2993 tenementum
2503 2926 2791 2993 Abbatis
2859 2927 2941 2993 de

831 3030 1111 3115 Oseney,
1157 3050 1240 3094 ex
1313 3034 1506 3116 parte
1580 3028 1873 3107 australi,
1937 3033 2007 3093 et
2080 3032 2535 3095 tenementum
2610 3028 2657 3093 J
2660 3028 2941 3095 ohannis

831 3131 1214 3213 Arundelle,
1259 3131 1497 3212 clerici,
1545 3153 1631 3196 ex
1674 3136 1866 3217 part-e
1910 3130 2177 3208 boreali,
2224 3136 2377 3217 post
2422 3131 2757 3203 decessum
2804 3132 2941 3197 Ka-

832 3234 1068 3301 terinae
1113 3234 1338 3305 uxoris
1407 3256 1586 3313 meae,
1637 3232 1684 3299 J
1690 3234 1939 3298 ohanni
2001 3232 2138 3298 filio
2206 3255 2367 3311 meo,
2432 3232 2813 3303 habendum
2876 3240 2945 3299 et

831 3336 1194 3404 tenendum
1256 3336 1572 3423 praedicto
1639 3335 1686 3402 J
1690 3335 1937 3404 ohanni
2005 3340 2074 3401 et
2133 3334 2505 3407 haeredibus
2551 3335 2632 3401 de
2678 3358 2945 3423 corpore

831 3460 950 3505 suo
1011 3437 1310 3525 legitime
1371 3438 1745 3523 procreatis,
1818 3436 1901 3501 de
1964 3436 2357 3522 capitalibus
2421 3436 2703 3503 dominis
2768 3437 2944 3507 feodi

829 3540 1008 3611 illius
1073 3561 1194 3626 pro
1254 3539 1525 3606 servitio
1569 3539 1728 3605 inde
1773 3538 2014 3605 debitis
2082 3544 2151 3605 et
2218 3537 2301 3603 de
2358 3540 2511 3625 jure
2577 3541 2948 3619 consuetis3

831 3647 920 3721 et,
967 3663 1085 3728 pro
1133 3640 1394 3706 defectu
1439 3640 1781 3707 haeredum
1828 3640 1912 3705 de
1980 3662 2245 3726 corpore
2292 3662 2411 3708 suo
2455 3640 2751 3727 legitime
2795 3664 2943 3727 pro-

832 3747 1218 3823 creatorum,
1250 3742 1404 3809 volo
1450 3744 1628 3829 quod
1674 3742 2065 3830 praedictum
2112 3734 2567 3808 tenementum
2613 3765 2763 3809 cum
2810 3745 2945 3809 suis

831 3844 1255 3933 pertinentiis
1321 3846 1653 3911 vendatur
1717 3867 1834 3932 per
1907 3864 2085 3909 meos
2151 3850 2546 3924 executores,
2602 3845 2659 3911 ei
2720 3866 2945 3933 super-

834 3947 1026 4013 stites
1069 3946 1363 4025 fuerint,¹
1418 3947 1528 4013 vel
1589 3970 1707 4034 per
1751 3952 2129 4014 executores
2192 3946 2400 4033 ipsius
2451 3946 2796 4015 Katerinae
2840 3948 2948 4013 vel

834 4048 884 4117 J
887 4048 1186 4131 ohannis,
1251 4049 1370 4135 qui
1437 4048 1690 4117 diutius
1756 4050 2020 4127 vixerit,
2098 4054 2167 4115 et
2240 4049 2516 4136 pecunia
2581 4049 2737 4119 iude
2802 4071 2946 4135 per-

835 4158 1027 4238 cepta
1092 4174 1213 4238 pro
1281 4152 1505 4217 anima
1571 4172 1720 4216 mea
1784 4156 1853 4216 et
1920 4173 2041 4238 pro
2108 4152 2456 4218 animabus
2522 4151 2819 4238 ipsorum
2879 4160 2949 4219 et

837 4252 1134 4322 omnium
1177 4253 1475 4320 fidelium
1519 4253 1981 4323 defunctorum
2038 4252 2324 4319 fideliter
2368 4259 2439 4321 et
2482 4254 2775 4339 plenarie
2820 4255 2950 4321 dis-

836 4354 1176 4421 tribuatur
1220 4354 1295 4421 in
1323 4356 1556 4421 missas
1603 4360 1673 4423 et
1718 4356 1881 4421 alios
1926 4356 2069 4443 pios
2113 4378 2288 4421 usus.
2384 4355 2746 4423 Residuum
2790 4378 2947 4423 vero

839 4455 1139 4521 omnium
1182 4457 1504 4523 bonorum
1550 4478 1845 4523 meorum
1890 4457 1975 4523 do
2044 4462 2113 4523 et
2168 4458 2316 4546 lego
2364 4458 2707 4525 Katerinae
2750 4460 2950 4523 uxori

1733 4714 1753 4747 ¹
1763 4718 1946 4785 fierit,
1967 4719 2079 4773 MS.
