3466 5635
411 1577 454 1622 A
468 1577 644 1621 statute
659 1579 710 1622 to
725 1590 826 1631 pro-

410 1627 516 1672 vide
531 1629 604 1672 for
619 1629 702 1672 the
717 1641 824 1682 pay-

409 1681 540 1722 ment
557 1679 608 1722 of
617 1679 702 1723 the
717 1683 811 1723 two

409 1881 602 1926 schools.

540 2383 610 2433 A.
635 2388 718 2432 4⁴.

538 2449 602 2502 B.
627 2453 708 2500 38.

541 2516 599 2568 C.
626 2521 703 2564 58.

464 2583 603 2634 AJ).
631 2587 774 2632 1344.

541 3777 602 3830 B.
627 3779 725 3829 3ss

864 761 998 823 440
1193 772 1386 819 LIBRI
1427 767 1890 818 CANCELIfflI
1934 768 2018 816 m·
2062 764 2639 816 PnocURAroRmae.

862 945 1328 1022 informandos
1391 946 1473 1011 de
1519 965 1650 1030 quo
1693 942 1805 1008 vel
1867 941 2109 1028 quibus
2172 941 2507 1007 duntaxat
2572 940 2769 1006 liceat
2836 940 2965 1006 sibi

859 1049 1042 1116 ultra
1085 1053 1232 1114 octo
1275 1047 1578 1112 denarios
1621 1065 1742 1132 pro
1786 1044 2073 1110 termino
2118 1044 2405 1130 recipere
2450 1043 2807 1108 moderate.

861 1309 958 1376 De
987 1309 1252 1376 collecta
1287 1307 1626 1394 facienda
1673 1313 1737 1372 et
1780 1305 2099 1373 solvenda
2145 1304 2511 1392 Maqistris
2559 1304 2647 1372 ‘in
2692 1303 2963 1372 artibus

1393 1431 1527 1497 pro
1567 1406 2029 1495 yram‘matica
2072 1406 2458 1495 deputat-233}

950 1561 1126 1640 Quia
1175 1565 1505 1625 statutum
1558 1565 1661 1626 est
1725 1559 1903 1645 quod
1963 1559 2044 1624 de
2106 1559 2447 1646 Magistris
2498 1559 2964 1646 grammaticae,

856 1664 996 1728 sive
1025 1683 1200 1727 unus
1229 1661 1432 1726 fuerit
1461 1661 1604 1726 sive
1647 1660 1885 1748 plures,
1920 1661 2053 1725 duo
2094 1661 2402 1748 Magistri
2446 1662 2697 1726 artium
2741 1683 2965 1748 super-

857 1764 1280 1830 intendentes
1309 1763 1474 1828 duas
1507 1785 1761 1828 marcas
1806 1763 2126 1850 recipiant
2148 1761 2175 1798 ²
2204 1764 2553 1828 annuatim
2584 1770 2654 1829 et
2684 1769 2967 1849 quatuor

859 1887 1108 1932 marcas
1173 1865 1258 1931 de
1319 1865 1690 1931 redditibus
1760 1863 2242 1930 Universitatis
2317 1865 2406 1928 ad
2480 1866 2667 1930 illum
2744 1870 2965 1930 actum

859 1967 1230 2055 specialiter
1273 1967 1626 2054 deputatis,
1679 1965 1915 2052 quodsi
1960 1967 2305 2053 contingat
2346 1967 2650 2032 redditus
2694 1967 2781 2032 ad
2826 1967 2963 2046 hoc,

859 2075 937 2137 ut
981 2069 1432 2158 proemittitur,
1465 2069 1823 2156 deputatos
1867 2089 2005 2134 non
2034 2067 2333 2134 sufficere
2374 2074 2452 2134 ut
2498 2074 2775 2155 uterque
2823 2069 2965 2132 Mae

857 2172 1064 2258 gister
1091 2171 1339 2237 artium
1367 2170 1917 2257 superintendens
1946 2169 2403 2258 quadraginta
2430 2171 2675 2236 solidos
2704 2169 2963 2247 habeat,

860 2274 942 2340 de
1003 2275 1274 2340 collecta
1324 2273 1799 2360 Magistrorum
1860 2271 2237 2338 scholarum
2298 2273 2748 2360 grammaticae
2811 2295 2963 2359 sup-

860 2376 1159 2463 pleatur;
1201 2376 1426 2463 igitur,
1465 2397 1550 2440 ne
1583 2374 1914 2461 Regentes
1957 2374 2031 2439 in
2076 2375 2511 2461 grammatica
2552 2376 2837 2462 propriis
2866 2375 2968 2439 vi-

860 2478 1146 2543 deantur
1173 2477 1463 2542 militare
1484 2476 1853 2562 stipendiis,
1876 2481 1995 2542 aut
2023 2475 2267 2542 honore
2291 2477 2396 2542 sui
2427 2482 2645 2543 status
2672 2477 2965 2542 indebite

863 2581 1281 2667 praegravari,
1332 2579 1696 2665 provisum
1744 2585 1853 2655 est,
1900 2579 2076 2664 quod
2121 2601 2346 2645 omnes
2388 2585 2459 2645 et
2500 2579 2745 2667 singuli
2804 2601 2967 2644 non-

863 2683 1182 2770 Magistri,
1211 2682 1328 2770 qui
1374 2682 1631 2768 publice
1661 2682 1901 2747 docent
1946 2683 2461 2769 grammaticam,
2498 2683 2783 2770 Regenti
2822 2685 2961 2748 sive

863 2783 1272 2872 Regentibus
1331 2783 1508 2849 illius
1581 2783 1919 2851 facultatis
1978 2785 2051 2850 in
2114 2784 2411 2871 quolibet
2484 2785 2787 2868 termino,
2846 2808 2966 2873 pro

863 2887 1144 2973 singulis
1189 2886 1610 2953 Scholaribus
1655 2886 1792 2951 suis
1850 2887 2397 2953 commensalibus
2441 2894 2510 2953 et
2552 2889 2718 2966 aliis,
2763 2911 2963 2954 unam

861 2994 1110 3055 certam
1171 3010 1497 3054 summam
1556 2988 1853 3075 pecuniae
1915 2989 2199 3054 arbitrio
2259 2990 2519 3055 domini
2574 2990 2967 3056 Cancellarii

862 3098 932 3157 et
997 3090 1507 3157 Procuratorum
1583 3090 2064 3157 Universitatis
2143 3092 2423 3158 Oxoniae
2496 3092 2913 3159 limitandam
2936 3092 2965 3131 ³

861 3193 1114 3259 solvere
1155 3198 1526 3272 teneantur,
1575 3215 1723 3279 quse
1768 3215 2028 3259 summa
2080 3196 2382 3281 pecuniae
2434 3195 2706 3261 collecta
2768 3218 2966 3283 penes

860 3296 1274 3383 Magistrum,
1339 3296 1450 3361 vel
1522 3296 1881 3383 Magistros
1952 3296 2026 3360 in
2097 3298 2561 3383 grammatica,
2620 3300 2679 3363 si
2744 3300 2965 3385 plures

857 3398 1123 3476 fuerint,
1153 3404 1526 3465 reservetur
1563 3420 1684 3485 pro
1729 3398 1894 3464 dicti
1940 3400 2159 3465 oneris
2203 3400 2751 3488 supportatione‚⁴
2788 3406 2875 3479 et,
2906 3402 2967 3466 si

859 3501 1021 3587 quid
1063 3500 1400 3567 residuum
1445 3500 1668 3581 fuerit,
1715 3502 1893 3567 inter
1936 3502 2084 3567 illos
2128 3504 2473 3589 aequaliter
2516 3504 2871 3571 dividatur.

1357 3788 1460 3852 Or
1509 3786 1892 3853 Ixcmons
1938 3805 2015 3854 m
2060 3788 2469 3855 GRAMMAR⁶

949 3938 1022 4002 Si
1099 3937 1476 4024 Inceptores
1549 3938 1624 4002 in
1695 3939 2129 4025 grammatica
2204 3941 2289 4005 ab
2350 3940 2965 4019 examinatoribus,⁰

860 4036 1106 4105 fuerint
1151 4041 1468 4127 comperti
1498 4026 1750 4105 hassiles
1793 4045 1864 4107 et
1905 4041 2145 4122 idonei,
2179 4046 2339 4108 tunc
2368 4065 2486 4130 per
2528 4048 2786 4111 statuta
2828 4066 2963 4109 non

860 4142 1221 4227 requiritur
1247 4142 1380 4207 alia
1407 4142 1729 4228 depositio
1760 4163 1959 4227 quam
1996 4144 2393 4231 exprimitur
2420 4146 2493 4210 in
2522 4146 2643 4211 hoc
2672 4152 2926 4212 statuto
2950 4172 2967 4227 ;

861 4243 1076 4309 solent
1103 4252 1327 4311 tamen
1371 4245 1486 4309 alii
1529 4246 1615 4310 ad
1658 4245 1970 4331 majorem
2010 4268 2236 4312 eorum
2262 4247 2527 4313 laudem
2555 4254 2625 4313 et
2652 4250 2967 4314 honorem

937 4471 952 4501 ¹
980 4469 1116 4519 Title
1139 4469 1193 4519 in
1218 4469 1274 4520 C.
1291 4471 1428 4535 only.
2037 4474 2058 4503 ⁴
2076 4476 2396 4539 mapportaeio,
2421 4473 2478 4524 C.
2502 4495 2516 4534 3
2552 4476 2807 4525 corrected
2843 4477 2911 4541 by
2932 4490 2967 4526 a

1968 4552 2289 4682 Ιπξέΐξαῖἰῗίθ
2312 4634 2367 4681 in
2390 4632 2502 4684 MS.

936 4708 956 4736 ³
978 4704 1293 4765 limitandum,
1318 4706 1374 4757 C.
2030 4712 2050 4742 ⁸
2070 4710 2141 4761 ad
2158 4712 2608 4777 examinationibus,
2628 4713 2743 4765 MS.

935 4589 956 4618 ²
978 4588 1228 4652 recipient,
1253 4587 1330 4638 C.¹
