3466 5635
960 798 1088 862 422
1294 812 1485 861 unm
1530 810 1988 862 οΑΝοΕιωιιΠ
2035 812 2120 860 m·
2166 810 2741 863 Pnoounuonun.

954 990 1251 1053 omnium
1280 986 1653 1075 regentium
1687 987 2184 1074 Magistrorum‚
2215 988 2394 1075 quod
2425 987 2709 1073 quilibet
2741 986 3068 1074 Magister

954 1091 1061 1155 vel
1155 1090 1569 1156 Bachilarius
1612 1091 1908 1155 lecturus
1981 1089 2225 1155 librum
2313 1090 2606 1176 aliquem
2699 1090 3060 1177 logicalem,

952 1192 1346 1273 naturalem,
1394 1193 2003 1279 metaphysicalem,
2047 1191 2157 1257 vel
2201 1192 2534 1272 moralem,
2575 1193 2691 1279 qui
2736 1192 2817 1259 de
2851 1192 3066 1259 forma

949 1296 1153 1361 fuerit
1220 1296 1551 1382 incepturi
1627 1294 1738 1361 vel
1801 1294 2308 1361 determinaturi
2375 1293 2447 1359 in
2509 1294 2831 1361 facultate
2891 1317 3060 1383 prae-

950 1398 1146 1477 dicta,
1192 1396 1373 1485 legat
1420 1419 1573 1463 eum
1640 1397 1792 1478 rite,
1841 1418 1991 1463 cum
2051 1396 2281 1463 debita
2325 1401 2394 1463 et
2439 1396 2802 1463 sufficiente
2861 1420 3062 1485 expo-

948 1500 1188 1566 sitione
1278 1504 1523 1577 textuS,
1598 1503 1668 1564 et
1759 1498 2123 1585 quaestione
2196 1499 2593 1586 pertinente,
2679 1520 2830 1565 cum
2921 1500 3060 1564 suis

948 1601 1355 1690 argumentis
1428 1602 1920 1687 pertinentibus
1993 1601 2081 1667 ad
2155 1601 2505 1667 materiam
2566 1601 2720 1666 libri
2795 1602 2867 1665 in
2926 1624 3056 1687 quo

945 1705 1193 1792 legitur
1240 1709 1309 1769 et
1352 1704 1438 1769 ad
1482 1726 1866 1791 processum.

1036 1874 1226 1951 Item,
1290 1872 1697 1939 ordinat-um
1764 1880 1873 1954 cst,
1921 1874 2096 1960 quod
2164 1873 2348 1939 nulla
2405 1875 2662 1941 lectura
2734 1874 3052 1939 librorum

949 1976 1455 2064 praemissorum,
1500 1975 1858 2060 alicujusve
1889 1976 2279 2055 eorumdem,
2325 1977 2517 2042 cedat
2560 1976 2755 2042 alicui
2807 1977 3058 2063 legenti

948 2078 1057 2145 vel
1101 2079 1404 2144 audienti
1442 2100 1563 2164 pro
1606 2078 1832 2157 forma,
1865 2078 1990 2143 nisi
2025 2079 2218 2143 modo
2265 2078 2580 2166 praedicto
2623 2078 2779 2145 lecti
2807 2080 3058 2145 fuerint

951 2188 1021 2249 et
1062 2182 1297 2263 auditi,
1342 2182 1552 2247 lectus
1598 2182 1804 2247 fuerit
1856 2186 1926 2246 et
1973 2180 2282 2245 auditus.¹
2356 2255 2365 2264 Ι

624 2466 687 2515 Β.
712 2470 793 2515 50.
956 2447 1147 2531 Quod
1190 2444 1521 2532 Mayistm:
1565 2444 2005 2531 quaestionem
2049 2444 2151 2510 vel
2186 2444 2534 2531 problema
2593 2443 3052 2531 disputaturi,

1130 2555 1543 2634 aryumw-ta
1602 2554 1882 2613 tantum
1934 2546 2250 2633 pertinen
2259 2546 2366 2613 tia
2409 2546 2504 2613 ad
2549 2546 2782 2613 cadem
2823 2552 3054 2613 tenen-

1131 2659 1252 2718 twr
1300 2650 1669 2739 disputare.
2737 2658 2752 2667 ·

504 2835 705 2880 masten
721 2833 815 2878 ‹ns-
1042 2810 1090 2877 I
1084 2819 1235 2893 tem,
1283 2808 1695 2878 ordi-natm
1739 2816 1850 2888 est,
1895 2810 2072 2896 quod
2131 2810 2412 2896 quilibet
2465 2808 2782 2897 Magister
2826 2808 3051 2896 dispu-

494 2885 829 2990 ιῖἲοωέηᾞιῗιῗι
944 2921 1207 2980 taturus
1250 2915 1685 3000 quaestionem
1728 2912 1841 2979 vel
1883 2913 2238 2999 problema,
2269 2913 2470 2978 faciat
2497 2917 2888 2999 argumenta
2931 2933 3053 2976 sua

496 2989 778 3042 arguments.
943 3022 1206 3082 tantum
1268 3015 1671 3102 pertinentia
1732 3014 1820 3078 ad
1877 3015 2225 3079 materiam
2289 3015 2473 3079 illam
2538 3014 2619 3079 de
2679 3037 2814 3100 qua
2871 3035 3054 3098 quae-

944 3119 1117 3185 ritur
1185 3119 1461 3204 quaestio
1524 3117 1633 3182 vel
1707 3116 2062 3202 problema,
2133 3121 2205 3180 et
2270 3118 2352 3182 de
2417 3115 2912 3182 difficultatibus
2981 3122 3052 3180 et

946 3222 1167 3287 dubiis
1228 3243 1376 3307 quse
1436 3222 1702 3307 possent
1767 3220 2018 3283 moveri
2077 3219 2511 3305 probabiliter
2555 3241 2640 3283 ex
2685 3223 2894 3296 textu,
2947 3217 3055 3283 vel

945 3346 1249 3412 processu
1294 3323 1387 3412 in·
1422 3344 1553 3408 quo
1600 3319 1877 3407 quaestio
1937 3342 2054 3386 seu
2111 3321 2451 3408 problema
2501 3320 2840 3399 fundatur,
2889 3321 3050 3386 ah'o·

948 3428 1112 3515 quin
1140 3449 1259 3492 nec
1292 3425 1615 3512 Magistro
1649 3424 2023 3510 disputanti
2062 3423 2252 3488 cedat
2291 3445 2408 3510 pro
2445 3444 2564 3487 sua
2598 3422 3050 3510 disputatione

948 3529 1282 3608 ordinaria
1342 3549 1462 3592 nec
1528 3525 1959 3613 respondenti
2031 3547 2152 3612 pro
2219 3525 2442 3590 forma.
2535 3523 2678 3591 Nec
2753 3526 3053 3612 disputet

950 3631 1266 3720 Magister
1305 3629 1545 3716 aliquis
1592 3629 2056 3715 disputaturus
2101 3627 2436 3716 problema
2478 3628 2657 3692 ultra
2699 3649 3048 3715 argumen-

947 3742 1092 3800 tum
1168 3733 1435 3799 unicum
1511 3753 1660 3796 cum
1725 3729 2050 3816 Sophista,
2114 3729 2227 3796 sed
2296 3729 2609 3816 expediet
2672 3751 2742 3795 se
2816 3730 2896 3795 de
2963 3751 3050 3795 eo

949 3836 1253 3914 breviter,
1301 3839 1371 3901 et
1415 3834 1710 3921 disputet
1754 3830 2142 3918 principalia
2187 3853 2306 3896 sua
2348 3836 2756 3918 argumenta,
2803 3835 2874 3896 et
2917 3832 3053 3896 alia

946 3943 1339 4027 argumenta
1374 3958 1523 4023 quae
1563 3935 1870 4011 voluerit,
1907 3934 2312 4021 pertinentia
2345 3940 2588 4012 tamen,
2630 3956 2776 3999 cum
2817 3933 3050 4000 Bachi-

946 4041 1111 4107 lario
1157 4039 1531 4128 responsali.

495 4211 907 4307 muffiffit
1038 4201 1235 4281 Item,
1310 4205 1648 4266 statutum
1715 4205 1826 4276 est,
1885 4197 2063 4284 quod
2123 4195 2428 4282 Magistri
2488 4199 2789 4283 regentes
2847 4197 3048 4261 facul-

494 4313 850 4409 :ffigwhelm
944 4304 1108 4369 tatis
1143 4303 1387 4368 artium
1424 4301 1840 4388 disputantes
1871 4298 2274 4376 Bachilariis,
2311 4297 2594 4364 sedendo
2629 4297 2704 4362 in
2739 4297 3051 4364 cathedra

947 4406 1309 4490 disputent,
1357 4402 1744 4468 Bachilariis
1805 4401 2186 4467 eorumdem
2235 4401 2322 4466 ad
2373 4401 2632 4466 descam
2691 4400 3046 4480 stantibus,

944 4506 1039 4571 eis
1082 4507 1153 4570 in
1198 4504 1670 4590 respondendO,
1716 4511 1786 4570 et
1830 4504 1953 4570 hoc
2013 4509 2262 4590 septem
2323 4502 2617 4569 scientiis
2657 4501 3044 4568 liberalibus

1832 4761 1845 4791 ¹
1868 4757 2068 4821 auditis,
2089 4759 2153 4810 B.
