3466 5635
1099 722 1304 777 ,Ac'rA
1347 726 1581 775 cuam
1626 722 2109 776 memma.
2534 710 2667 782 647

556 912 710 979 liter
771 911 1172 995 vendantur,
1225 918 1293 979 et
1355 913 1428 978 in
1493 913 1638 999 pios
1701 932 1863 977 usus
1930 932 2293 999 pauperum
2354 911 2669 977 distribu-
2736 962 2740 967 .

555 1019 774 1081 antur.

646 1118 698 1184 I
693 1124 844 1197 tem,
891 1116 976 1183 do
1021 1120 1092 1182 et
1132 1116 1282 1204 lego
1314 1116 1612 1183 Waltero
1663 1116 1938 1203 Manby,
1970 1116 2198 1182 clerieo
2242 1115 2511 1202 registri
2538 1117 2671 1183 mei

557 1220 632 1284 in
694 1218 1230 1285 archidiaconatu
1291 1240 1438 1285 meo
1507 1218 1822 1296 Roffensi,
1867 1217 1954 1284 ad
2018 1217 2473 1303 adjuvandum
2518 1238 2671 1285 eum

559 1322 840 1388 transire
912 1321 1001 1386 ad
1073 1320 1326 1387 scholas
1403 1320 1702 1402 Oxoniae,
1781 1324 1852 1385 et
1924 1320 2123 1386 aliter
2194 1339 2350 1402 non,
2424 1321 2673 1409 viginti

560 1422 846 1490 solidose

647 1524 699 1590 I
696 1532 848 1607 tem,
879 1524 1026 1612 lego
1070 1523 1286 1590 eidem
1315 1522 1613 1589 Waltero
1656 1544 1871 1589 unum
1916 1525 2398 1611 coopertorium
2430 1524 2677 1589 Flaun-

559 1626 798 1693 drense
869 1648 1018 1693 cum
1093 1625 1370 1691 floribus
1436 1625 1730 1692 existens
1799 1626 2075 1704 Welliae,
2142 1648 2219 1693 ac
2280 1648 2489 1691 unum
2558 1646 2679 1715 par

559 1730 1065 1795 linteaminum:

652 1832 843 1910 Item,
891 1832 976 1897 do
1021 1836 1091 1897 et
1153 1830 1301 1917 lego
1347 1829 1668 1917 Magistro
1716 1829 2011 1896 Roberto
2082 1829 2411 1897 Hereford
2470 1848 2680 1897 unum

565 1956 844 2021 parvum
905 1933 1228 2020 scyphum
1295 1952 1516 1998 meum
1579 1931 1973 1997 deauratum
2048 1952 2198 1999 cum
2274 1935 2680 2021 coopertorio

566 2035 878 2122 ejusdem,
923 2035 998 2099 in
1041 2056 1178 2099 una
1221 2034 1490 2121 capsula
1533 2033 1615 2098 de
1667 2035 1845 2099 corio
1914 2035 2222 2121 positum,
2268 2040 2341 2101 et
2402 2056 2680 2123 parvam

566 2159 804 2205 zonam
849 2138 1236 2203 deauratam
1281 2141 1350 2201 et
1393 2136 1847 2203 foderaturam
1915 2156 2133 2203 meam
2194 2138 2277 2203 de
2343 2144 2681 2204 martreno

565 2242 642 2306 in
683 2255 846 2329 toga
887 2262 1039 2306 mea
1081 2238 1414 2305 de.viridi
1457 2238 1626 2303 liras

654 2343 844 2422 Item,
877 2342 963 2409 do
1007 2348 1077 2409 et
1120 2341 1284 2429 lege,
1318 2340 1407 2407 ad
1452 2342 1779 2407 orandum
1822 2362 1943 2428 pro
1973 2341 2195 2408 anima
2222 2360 2386 2421 mea,
2416 2342 2683 2408 domino

571 2445 853 2513 Ricardo
885 2444 1321 2525 Middletone,
1368 2445 1724 2533 capellano,
1760 2445 2197 2511 commoranti
2227 2444 2409 2531 apud
2440 2442 2683 2511 South-

577 2548 712 2628 flet,
747 2547 1074 2614 Roffensis
1105 2547 1424 2625 dioecesis,
1453 2566 1660 2612 unam
1703 2552 1935 2633 togam
1984 2544 2065 2612 de
2110 2546 2389 2613 scarleto
2431 2547 2686 2613 fodera-

569 2655 728 2731 tam,
794 2672 942 2716 cum
1017 2650 1288 2737 caputio
1365 2650 1446 2715 de
1523 2651 1818 2730 scarletO,
1892 2650 2007 2715 sed
2080 2651 2529 2716 foderaturam
2604 2651 2686 2716 de

573 2761 608 2789 “
626 2773 966 2820 manavere
987 2750 1021 2779 '’
1068 2751 1364 2839 ejusdem
1408 2751 1662 2841 caputii
1707 2748 1862 2819 volo
1913 2752 2109 2817 vendi
2152 2772 2269 2841 per
2313 2758 2689 2820 executores

571 2875 750 2922 meos
793 2875 914 2943 pro
957 2855 1350 2921 executione
1393 2852 1731 2920 ulterioris
1776 2853 2149 2922 voluntatis
2190 2875 2396 2922 meae:

657 2957 710 3024 I
702 2963 852 3038 tem,
897 2955 983 3022 do
1030 2961 1100 3021 et
1141 2955 1290 3044 lego
1337 2955 1606 3022 domino
1650 2955 1697 3022 J
1702 2957 1950 3022 ohanni
1982 2957 2293 3045 Gaylard,
2328 2957 2687 3024 celebranti

568 3060 642 3125 in
693 3067 726 3094 “
747 3059 1367 3126 Greschurchstret”
1414 3057 1761 3140 Londonii,
1808 3079 2019 3126 unum
2086 3057 2330 3127 librum
2376 3067 2685 3128 vocatum

567 3170 604 3198 “
625 3160 1080 3228 Zoachcrlum
1100 3161 1159 3228 .·'’

656 3264 852 3344 Item,
923 3264 1008 3329 do
1076 3269 1146 3330 et
1219 3263 1366 3350 lego
1439 3264 1765 3352 Magistro
1832 3263 1881 3330 J
1883 3265 2131 3330 ohanni
2204 3265 2401 3344 Beke,
2480 3285 2681 3331 sacrae
2770 3293 2775 3296 ·

567 3364 916 3454 theologiae
981 3367 1352 3454 professori,
1400 3367 1670 3433 Rectori
1716 3367 1979 3454 collegii
2020 3367 2329 3434 Lincolne
2382 3367 2679 3449 oxoniae,

567 3489 778 3536 unum
824 3467 1119 3556 “pelowe
1141 3468 1177 3499 ”
1222 3469 1306 3534 de
1349 3487 1543 3556 opere
1589 3469 2043 3549 Flaundrensi,
2092 3476 2161 3536 et
2205 3487 2407 3535 unam
2450 3475 2677 3555 togam
2722 3489 2729 3496 ·

569 3571 854 3638 viridem
896 3571 1182 3660 longam,
1215 3589 1365 3636 cum
1395 3571 1678 3638 tabardo
1708 3577 1779 3639 et
1808 3571 2077 3662 caputio
2109 3572 2399 3659 ejusdem
2430 3572 2680 3652 coloris,

565 3673 864 3740 foderato
911 3693 1061 3740 cum
1107 3679 1145 3710 “
1159 3691 1493 3740 manavere
1517 3673 1579 3740 .·''

656 3773 708 3841 I
703 3781 852 3856 tem,
899 3775 986 3841 do
1049 3780 1118 3841 et
1182 3777 1333 3863 lego
1397 3776 1720 3863 Magistro
1765 3773 2121 3842 Wilhelmo
2184 3776 2405 3843 Strete
2468 3797 2675 3842 unum

565 3898 855 3967 pennare
927 3895 1150 3945 meum
1225 3897 1372 3944 cum
1446 3879 1846 3945 incausterio
1914 3880 1996 3945 de
2064 3901 2255 3968 opere
2302 3877 2675 3958 Parisiensi,

568 3981 968 4069 pendentem
1010 3981 1085 4046 in
1129 3981 1352 4046 studio
1395 4002 1542 4046 meo
1588 3981 1869 4047 Oxoniae
1899 4007 1915 4046 z

660 4083 848 4160 Item,
896 4081 981 4147 do
1041 4085 1112 4148 et
1170 4081 1320 4169 lego
1366 4082 1684 4170 Magistro
1752 4082 1801 4149 J
1804 4082 2051 4148 ohanni
2113 4081 2413 4170 Segefeld
2474 4103 2679 4150 unam

569 4187 837 4274 longam
880 4190 1108 4272 togam
1167 4185 1252 4250 de
1316 4185 1524 4251 violet
1587 4193 1620 4224 ‘⁴
1639 4183 1987 4272 ‘myray-nc
2001 4185 2035 4212 ”
2095 4185 2461 4252 foderatam
2528 4209 2679 4252 cum

573 4295 612 4324 “
633 4285 903 4375 putys,''
980 4291 1048 4353 et
1122 4286 1465 4375 caputium
1541 4288 1628 4353 ad
1703 4288 1981 4354 eandem
2073 4287 2439 4354 foderatam
2532 4309 2683 4354 cum

571 4397 609 4428 “
625 4387 1016 4468 ‘meneveress’
1083 4409 1222 4455 una
1266 4409 1416 4455 cum
1461 4390 1700 4456 habitu
1772 4412 1891 4478 pro
1938 4391 2202 4456 doctore
2253 4389 2427 4477 juris
2473 4392 2686 4458 civilis

574 4491 658 4558 de
701 4511 926 4580 panno
969 4491 1202 4558 similis
1247 4491 1519 4558 coloris=

665 4593 716 4660 I
711 4600 860 4674 tem,
909 4593 996 4659 do
1040 4597 1111 4660 et
1171 4593 1318 4682 lego
1364 4593 1691 4681 Magistro
1760 4593 2050 4660 Henrico
2098 4593 2444 4673 Morecote‚
2514 4595 2687 4661 socio
