3466 5635
895 782 1026 855 '7¹76
1713 800 2069 850 Arrmmnz
2112 801 2175 851 A.

897 989 1146 1054 iterum
1201 987 1454 1052 vendat
1501 991 1659 1053 ante
1688 987 1914 1054 horam
1961 1010 2244 1072 nonam;
2290 993 2377 1071 et,
2418 993 2475 1057 si
2519 991 2766 1074 fecerit,
2792 1017 3004 1062 amer-

898 1090 1110 1158 cietur
1154 1094 1224 1155 et
1265 1111 1406 1155 rem
1449 1095 1739 1179 emptam
1782 1090 2067 1160 amittat.

986 1194 1060 1261 Si
1087 1193 1294 1259 laicus
1331 1193 1572 1260 inferat
1600 1193 1832 1260 clerico
1861 1216 2133 1282 gravem
2161 1195 2273 1261 vel
2302 1217 2635 1263 enormem
2662 1199 2995 1280 lesionem,

889 1297 1118 1364 statim
1180 1297 1495 1384 capiatur,
1541 1300 1627 1376 et,
1672 1298 1730 1362 si
1774 1319 2015 1385 magna.
2072 1298 2162 1363 sit
2220 1297 2398 1381 lesio,
2440 1301 2880 1368 incarceretur
2920 1304 2997 1368 in

887 1404 1101 1468 castro
1141 1399 1436 1476 Oxoniae,
1469 1402 1542 1465 et
1583 1397 1681 1465 ibi
1725 1399 2105 1466 detineatur
2143 1421 2483 1488 quousque
2524 1403 2758 1470 clerico
2802 1405 2997 1470 satis-

887 1503 1026 1583 fiat,
1059 1506 1129 1567 et
1172 1501 1297 1566 hoc
1339 1499 1618 1566 arbitrio
1665 1500 2056 1568 Oancellarii
2085 1507 2154 1568 et
2186 1503 2666 1570 Universitatis
2697 1505 2991 1573 Oxoniae.

888 1605 964 1673 Si
1022 1603 1292 1670 clericus
1334 1608 1684 1690 protervus
1742 1603 1971 1686 fuerit,
2015 1604 2074 1670 si
2117 1605 2336 1670 minor
2377 1607 2493 1672 vel
2532 1607 2701 1674 levis
2746 1609 2838 1673 sit
2882 1610 2989 1674 in-

875 1708 1072 1794 juria,
1115 1707 1553 1772 incarceretur
1595 1706 1662 1770 in
1711 1707 1891 1773 villa..
1980 1706 2056 1773 Si
2108 1707 2377 1774 clericus
2424 1708 2669 1776 inferat
2718 1733 2987 1798 gravem

885 1809 994 1876 vel
1013 1855 1018 1863 -
1039 1831 1370 1875 enormem
1429 1808 1745 1876 lesionem
1804 1809 1989 1889 laico,
2040 1809 2479 1877 incarceretur
2538 1813 2611 1878 in
2670 1813 2989 1900 praedicto

886 1915 1102 1978 castro
1176 1931 1512 1998 quousque
1587 1910 2033 1978 Cancellarius
2108 1912 2443 1999 praedictae
2505 1915 2988 1982 Universitatis

883 2016 1103 2103 ipsum
1129 2013 1608 2102 postulaverit3
1651 2013 1709 2078 si
1754 2014 1973 2080 minor
2000 2014 2115 2079 vel
2139 2012 2305 2081 levis
2346 2017 2438 2082 sit
2466 2016 2732 2105 injuria,
2775 2019 2989 2084 incar-

884 2121 1142 2184 ceretur
1193 2117 1266 2182 in
1317 2137 1568 2183 carcere
1627 2113 1810 2182 villae
1870 2137 2211 2204 quousque
2260 2115 2581 2185 liberetur
2639 2142 2758 2208 per
2816 2119 2988 2188 Can-

879 2219 1230 2288 cellarium.

973 2324 1260 2390 Pistores
1302 2326 1373 2388 et
1417 2321 1817 2388 brasiatores
1860 2319 2141 2387 Oxoniae
2184 2319 2259 2386 in
2302 2323 2514 2410 primo
2572 2328 2987 2412 transgressu

884 2447 1004 2494 suo
1046 2446 1186 2492 non
1228 2425 1608 2514 puniantur,
1654 2424 1729 2489 in
1774 2423 2060 2489 secundo
2119 2425 2441 2492 amittant
2496 2447 2751 2513 panem,
2800 2431 2870 2494 et
2912 2430 2985 2495 in

885 2529 1088 2596 tertio
1139 2533 1555 2614 transgressu
1611 2525 1906 2592 habeant
1954 2524 2285 2612 judicium
2329 2527 2413 2593 de
2456 2528 2735 2616 pillorio.
2824 2531 2985 2612 Qui-

882 2631 1052 2697 libet
1110 2631 1321 2718 pistor
1379 2629 1625 2696 habeat
1696 2626 1991 2716 sigillum
2054 2649 2265 2710 suum,
2314 2635 2383 2696 et
2448 2631 2677 2718 signet
2744 2654 2985 2720 panem

883 2755 1093 2813 suum,
1139 2754 1257 2820 per
1298 2731 1475 2817 quod
1524 2730 1733 2819 possit
1777 2731 2074 2819 cognosci
2126 2732 2316 2817 cujus
2373 2733 2565 2821 panis
2624 2735 2731 2800 sit.
2824 2737 2985 2817 Qui-

885 2853 1144 2921 cunque
1186 2833 1270 2900 de
1313 2834 1477 2899 villa
1519 2832 1917 2899 brasiaverit
1946 2834 2033 2899 ad
2054 2835 2499 2915 vendendum,
2531 2844 2824 2925 exponat
2852 2840 2981 2927 sig-

886 2956 1046 3003 num
1092 2957 1301 3017 suum,
1334 2934 1629 3023 alioquin
1671 2936 1946 3003 amittat
1988 2937 2385 3005 cerevisiam.
2476 2938 2656 3006 Vina.
2700 2942 2981 3009 Oxoniae

885 3040 1318 3113 communiter
1389 3041 1771 3106 vendantur
1844 3044 1913 3105 et
1985 3040 2443 3106 indifferenter
2517 3046 2661 3107 tam
2734 3044 2983 3112 clericis

883 3164 1082 3231 quam
1125 3142 1310 3209 laicis
1354 3162 1438 3208 ex
1481 3164 1612 3229 quo
1653 3140 2069 3208 inbrochiats
2111 3141 2377 3209 fuerint.

973 3244 1350 3333 Temptatio
1392 3246 1584 3332 panis
1627 3245 1752 3310 fiat
1794 3244 1899 3310 bis
1942 3242 2017 3309 in
2058 3266 2251 3325 anno,
2304 3245 2617 3312 videlicet
2664 3247 2744 3311 in
2788 3248 2980 3334 quin-

885 3351 1057 3417 dena
1083 3354 1236 3437 post
1276 3348 1521 3414 festum
1561 3348 1624 3414 S.
1657 3347 2015 3426 Michaelis,
2044 3352 2114 3413 et
2143 3349 2315 3414 circa,
2341 3348 2589 3415 festum
2636 3349 2700 3416 S.
2750 3349 2982 3417 Mariae

880 3454 954 3518 in
1029 3450 1317 3534 Martiog
1379 3454 1452 3517 et
1513 3451 1718 3517 assisa·
1786 3448 2115 3516 cerevisiae
2176 3449 2301 3516 fiat
2353 3451 2602 3517 eisdem
2674 3454 2981 3521 terminis

881 3554 1234 3622 secundum
1295 3552 1589 3619 valorem
1648 3552 1833 3619 bladi
1894 3557 1963 3619 et
2027 3552 2276 3634 brasii3
2336 3558 2407 3620 et
2468 3554 2979 3642 quotiescunque

881 3656 1118 3725 debeat
1159 3657 1307 3725 fieri
1349 3656 1706 3744 temptatio
1758 3655 1950 3743 panis
1994 3659 2065 3721 et
2108 3656 2441 3724 cerevisiae
2482 3658 2750 3724 intersit
2804 3658 2979 3725 Can—

879 3761 1181 3828 cellarius
1255 3758 1591 3847 praedictae
1653 3757 2157 3838 Universitatis,
2200 3758 2310 3825 vel
2370 3756 2579 3846 aliqui
2644 3780 2731 3827 ex
2790 3766 2981 3849 perte

880 3881 1001 3930 sua
1050 3862 1138 3929 ad
1186 3862 1311 3929 hoc
1369 3862 1690 3949 deputati,
1750 3860 1808 3926 si
1866 3880 2063 3948 super
2122 3861 2243 3927 hoc
2294 3861 2600 3948 requisiti
2664 3864 2979 3931 interesse

877 3962 1252 4047 voluerint3
1318 3965 1497 4052 quod
1557 3965 1614 4030 si
1673 3980 1811 4029 non
1862 3962 2193 4043 intersint,
2248 3984 2372 4031 nec
2431 3986 2628 4053 super
2688 3966 2815 4033 hoc
2872 3990 2975 4034 re-

880 4070 1112 4161 quisiti
1152 4066 1420 4147 fuerint,
1463 4066 1635 4133 nihil
1684 4065 1908 4132 valeat
1950 4066 2307 4153 temptatio
2350 4066 2680 4155 praedicta.

967 4172 1053 4239 In
1095 4171 1282 4257 cujus
1327 4170 1427 4237 rei
1467 4167 1924 4237 ‘testimonium
1975 4169 2093 4233 has
2150 4168 2376 4235 literas
2434 4175 2697 4237 nostras
2760 4173 2977 4239 eidem

883 4274 1333 4345 Universitati
1375 4275 1521 4341 fieri
1564 4274 1837 4340 fecimus
1881 4275 2224 4361 patentes3
2267 4277 2435 4341 teste
2476 4296 2585 4340 me
2606 4274 2769 4363 ipso
2798 4278 2977 4364 apud

878 4378 1300 4456 Wodestoke,
1330 4378 1582 4444 decimo
1627 4381 1862 4443 octavo
1907 4373 2014 4442 die
2054 4376 2103 4442 J
2104 4375 2267 4457 unii,
2312 4398 2489 4444 anno
2532 4379 2721 4465 regni
2762 4380 2979 4446 nostri

877 4482 1205 4551 tricesimo
1247 4500 1440 4547 nono.
