3466 5635
1169 845 1346 896 Aen
1392 847 1628 896 omum
1675 843 2151 896 cancamum
2578 831 2705 894 559

704 1030 896 1110 Item,
958 1032 1112 1097 volo
1174 1031 1351 1118 quod
1409 1031 1787 1118 sumptibus
1848 1031 2013 1096 meis
2057 1033 2127 1095 et
2172 1028 2476 1116 expensis
2538 1027 2711 1092 ordi-

615 1136 878 1212 nentur,
909 1138 978 1198 et
1023 1133 1107 1198 de
1152 1154 1327 1199 novo
1359 1133 1726 1219 erigantur,
1753 1153 1949 1198 novae
1982 1152 2203 1197 cruces
2235 1131 2317 1195 de
2360 1128 2711 1216 lapidibus,

617 1233 842 1320 quales
871 1234 1208 1300 habentur
1249 1235 1325 1300 in
1353 1234 1488 1300 illis
1518 1233 1821 1320 partibus
1849 1234 1923 1298 in
1954 1232 2309 1313 Cornubia,
2340 1229 2715 1317 incipiendo

619 1357 660 1400 a
688 1335 882 1421 Kayr
926 1335 1240 1402 Beslasek
1285 1357 1490 1422 usque
1547 1335 1633 1402 ad
1692 1336 2027 1402 ecclesiam
2088 1335 2172 1400 de
2233 1335 2584 1413 Camborn,
2646 1338 2717 1399 et

616 1442 945 1523 ponentur
1004 1437 1079 1501 in
1145 1437 1303 1503 locis
1370 1436 1486 1503 ubi
1553 1436 1855 1502 solebant
1920 1458 2191 1522 corpora
2254 1435 2717 1500 defunctorum

618 1538 1091 1624 portandorum
1119 1539 1206 1604 ad
1235 1537 1642 1625 sepulturam
1687 1537 1944 1624 deponi,
1978 1559 2096 1624 pro
2127 1535 2537 1603 orationibus
2566 1536 2718 1601 fun-

620 1638 852 1704 dendis
895 1639 1143 1705 ibidem
1189 1645 1258 1707 et
1303 1639 1728 1717 alleviatione
1773 1641 2228 1727 portantium3

707 1737 759 1806 I
754 1747 898 1820 tem,
929 1741 1078 1828 lego
1105 1740 1368 1828 capellae
1400 1741 1465 1807 S.
1501 1741 1761 1807 Derwae
1790 1763 1998 1808 unum
2027 1764 2148 1829 par
2174 1740 2721 1807 vestimentorum

622 1842 704 1906 de
760 1841 965 1907 viridi
1021 1842 1226 1907 serico
1269 1863 1420 1907 cum
1485 1843 1991 1928 pertinentibus,
2060 1848 2130 1909 et
2189 1841 2449 1907 missale
2500 1863 2721 1907 meum

622 1961 890 2021 novum,
936 1947 1007 2008 et
1050 1965 1261 2008 unum
1305 1943 1753 2029 superaltare;
2170 1993 2175 1996 -

711 2043 904 2124 Item,
935 2045 1085 2130 lego
1112 2044 1454 2111 refectioni
1482 2045 1708 2130 pontis
1738 2043 1821 2110 de
1851 2045 2095 2110 Derwa
2123 2045 2439 2110 tredecim
2484 2044 2725 2109 solidos

626 2150 911 2231 quatuor
957 2145 1281 2227 denarios,
1343 2147 1444 2210 ita
1499 2151 1727 2212 tamen
1787 2147 1965 2234 quod
2008 2146 2387 2233 parochiani
2432 2147 2726 2231 ejusdem

625 2247 952 2334 parochiae
1002 2248 1302 2312 reficiant
1345 2247 1521 2312 infra
1560 2269 1811 2313 annum
1864 2253 2135 2336 pontem
2180 2247 2589 2334 praedictum,
2635 2255 2722 2323 et,

625 2349 684 2413 si
743 2348 918 2413 infra
974 2369 1227 2413 annum
1286 2369 1420 2414 non
1481 2349 1799 2428 reficiant,
1864 2350 2014 2415 volo
2076 2350 2255 2435 quod
2328 2354 2489 2415 tunc
2556 2350 2726 2413 nihil

627 2449 918 2516 habeant
962 2449 1044 2515 de
1088 2471 1346 2516 summa
1387 2452 1747 2536 praedicta3

713 2551 910 2632 Item,
938 2551 1086 2636 lego
1131 2572 1338 2616 unum
1383 2573 1507 2637 par
1525 2550 1551 2588 ¹
1597 2553 2147 2617 vestimentorum
2202 2553 2283 2618 de
2336 2558 2370 2588 “
2390 2550 2728 2630 worstcdf

629 2652 833 2739 pretii
907 2652 1130 2719 decem
1189 2652 1548 2720 solidorum
1613 2658 1682 2718 et
1747 2675 1985 2740 parum
2046 2653 2242 2731 ultra,
2312 2654 2599 2721 ecclesiae
2666 2655 2727 2722 S.

635 2753 992 2834 Gothiani3
1435 2824 1438 2827 ,

721 2856 912 2934 Item,
956 2855 1104 2943 lego
1149 2855 1434 2925 ecclesiae
1493 2856 1821 2943 parochiae
1866 2858 1930 2923 S.
1979 2858 2210 2923 Mariae
2273 2858 2461 2945 Docy
2523 2879 2733 2924 unum

633 2980 755 3044 par
795 2959 1345 3024 vestimentorum
1390 2958 1472 3024 de
1516 2958 1690 3023 bono
1733 2964 1805 3024 et
1848 2979 2017 3046 puro
2062 2960 2267 3025 serico
2311 2960 2555 3040 viridi3

725 3058 920 3136 Item,
950 3058 1098 3145 lego
1142 3059 1353 3125 eidem
1401 3058 1688 3125 ecclesiae
1733 3060 1821 3124 ad
1865 3060 2232 3125 maximum
2262 3081 2455 3125 usum
2484 3060 2735 3147 viginti

636 3160 918 3243 solidos;
1485 3220 1490 3225 .

727 3262 920 3342 Item,
949 3261 1100 3330 volo
1145 3262 1322 3348 quod
1369 3262 1861 3328 distribuantur
1888 3262 2066 3329 inter
2092 3284 2413 3350 pauperes
2444 3262 2736 3350 ejusdem

637 3364 960 3453 parochiae
1004 3385 1122 3429 sex
1165 3363 1358 3429 solidi
1404 3369 1553 3430 octo
1600 3364 1859 3429 denarii
1888 3388 1905 3445 ;

729 3464 780 3529 I
774 3471 920 3544 tem,
949 3465 1235 3532 ecclesiae
1263 3464 1325 3533 S.
1359 3465 1593 3545 Oridae,
1624 3467 1710 3531 ad
1740 3472 2045 3552 quartam
2080 3458 2476 3553 'campanam
2522 3486 2739 3532 emen-

641 3567 796 3632 dam
840 3566 1278 3654 quadraginta
1320 3566 1578 3649 solidos,
1617 3574 1686 3633 et
1722 3568 1779 3632 si
1824 3572 2129 3654 quartam
2174 3589 2561 3654 campanam
2605 3588 2741 3631 non

643 3669 924 3733 emerint
950 3668 1332 3755 parochiani
1359 3668 1628 3746 ibidem,
1662 3668 1814 3733 volo
1860 3667 2039 3757 quod
2082 3667 2250 3733 dicti
2296 3668 2741 3754 quadraginta

644 3769 836 3836 solidi
909 3773 1382 3835 convertantur
1441 3770 1529 3835 ad
1573 3790 1769 3835 usum
1835 3770 2121 3835 maxime
2164 3770 2593 3835 necessarium
2642 3771 2743 3835 illi

645 3870 970 3952 ecclesiae3
1677 3936 1681 3943 ,

734 3971 926 4051 Item,
955 3970 1103 4058 lego
1131 3993 1340 4037 unum
1369 3971 1628 4036 missale
1672 3992 1823 4037 cum
1868 3973 2083 4038 missis
2130 3971 2631 4041 dominicalibus
2676 3980 2745 4039 et

648 4072 796 4137 aliis
840 4072 1280 4159 peculiaribus
1324 4072 1590 4160 capellae
1636 4073 1722 4139 de
1766 4072 1985 4161 Saynt
2029 4072 2389 4155 Newnter3

737 4174 788 4239 I
781 4182 929 4253 tem,
977 4174 1124 4261 lego
1169 4174 1454 4241 ecclesiae
1496 4174 1823 4262 parochiae
1868 4175 2033 4240 Ewe
2074 4196 2285 4239 unum
2352 4199 2475 4263 par
2539 4176 2745 4241 vesti-

651 4281 1026 4342 mentorum
1083 4275 1284 4363 pretii
1343 4275 1658 4343 tredecim
1719 4276 2075 4341 solidorum
2121 4282 2406 4360 quatuor
2451 4276 2748 4343 denario-

652 4399 845 4457 rum;

742 4478 932 4557 Item,
965 4478 1111 4566 lego
1155 4478 1348 4545 fratri
1391 4499 1538 4545 meo
1584 4477 1632 4544 J
1635 4478 1881 4545 ohanni
1924 4500 2145 4545 meum
2175 4477 2514 4545 meliorem
2544 4484 2751 4544 crate-

1360 4716 1375 4751 ¹
1397 4734 1498 4783 par
1521 4716 1732 4769 omitted
1754 4717 1805 4769 in
1828 4717 1917 4769 the
1938 4718 2053 4769 MS.

2343 4814 2391 4863 N
2438 4816 2485 4865 N
