3466 5635
858 967 988 1030 652
1421 977 1594 1027 ACTA
1645 977 1881 1028 CUBIAE
1926 974 2407 1028 CANCELLARII.

859 1171 1236 1254 coopertum
1337 1165 1515 1230 corio
1607 1165 1832 1243 rubeo,
1910 1163 2360 1230 continentem
2444 1171 2479 1200 “
2505 1161 2820 1229 Sextum”
2894 1167 2966 1229 et

859 1275 894 1304 “
921 1265 1430 1345 Clementiam?
1478 1287 1628 1332 cum
1673 1265 1871 1332 certis
1915 1264 2207 1345 lecturis,
2252 1265 2539 1331 secundo
2584 1263 2960 1330 folio—-z

947 1369 1140 1450 Item,
1187 1368 1332 1454 lego
1393 1367 1608 1434 eidem
1670 1366 1896 1434 David
1942 1367 2248 1444 codicem,
2298 1369 2629 1454 digestum
2698 1389 2965 1444 novum,

859 1473 1189 1559 digestum
1243 1470 1530 1535 Fortiati
1581 1491 1699 1556 pro
1753 1490 1878 1534 usu
1934 1470 2157 1535 studio
2180 1467 2201 1506 ¹
2268 1491 2387 1535 suo
2434 1492 2553 1557 per
2598 1470 2965 1556 quinquen-

857 1573 1066 1651 nium,
1125 1575 1196 1638 et
1239 1576 1466 1658 postea
1509 1571 1666 1636 libri
1727 1570 2031 1658 praedicti
2096 1575 2431 1658 ponantur
2496 1571 2571 1636 in
2614 1572 2781 1637 cista
2822 1592 2969 1637 mea

859 1673 1141 1741 Oxoniae
1177 1675 1252 1738 in
1297 1671 1568 1739 ecclesia
1605 1671 1668 1737 S.
1717 1671 1921 1752 Petri,
1967 1672 2055 1738 ad
2099 1695 2291 1738 usum
2336 1693 2532 1760 quem
2574 1673 2830 1740 statui:

949 1775 1141 1852 Item,
1185 1775 1331 1860 lego
1360 1773 1573 1840 eidem
1606 1773 1829 1838 David
1875 1793 2075 1838 unam
2118 1778 2345 1861 togam
2375 1774 2657 1840 viridem
2702 1773 2961 1860 longam

861 1878 942 1944 de
985 1878 1130 1956 lira,
1171 1898 1320 1942 cum
1365 1877 1632 1962 caputio
1678 1875 2014 1963 duplicato
2061 1877 2501 1963 pertinentem
2545 1877 2633 1942 ad
2678 1875 2963 1954 eandem,

861 1984 931 2046 et
973 1979 1222 2066 viginti
1275 1977 1519 2044 solidos
1570 1977 1646 2043 in
1696 1978 1977 2064 pecunia
2030 1983 2423 2060 numerata3
2471 1978 2585 2044 sed
2636 1977 2966 2044 foderatu-

859 2103 1002 2146 ram
1047 2085 1222 2168 togae
1284 2081 1436 2146 volo
1499 2080 1680 2166 quod
1744 2079 2141 2146 Wilhehnus
2186 2080 2644 2145 Pater-noster
2684 2080 2964 2157 habeat3

863 2183 1225 2249 Residuum
1301 2203 1457 2249 vero
1533 2181 1829 2248 omnium
1904 2181 2228 2248 bonorum
2304 2203 2617 2263 meorum,
2672 2204 2822 2269 quae
2894 2182 2965 2246 in

860 2284 1254 2350 inventariis
1298 2283 1463 2349 meis
1492 2283 1875 2349 scribuntur
1918 2288 2041 2349 aut
2085 2283 2248 2350 alibi
2278 2284 2456 2349 infra
2483 2283 2629 2350 loca
2655 2284 2968 2371 praedicta

862 2387 1516 2452 administrationum
1565 2407 1836 2451 suarum
1888 2387 2328 2472 reperiuntur,
2374 2386 2557 2473 prius
2616 2408 2753 2452 non
2795 2386 2968 2472 lega-

861 2493 1082 2554 torum
1129 2492 1250 2552 aut
1293 2507 1410 2573 per
1455 2509 1560 2551 me
1606 2487 1678 2550 in
1724 2486 1873 2552 vita
1916 2509 2052 2553 non
2096 2489 2491 2553 donatorum
2538 2494 2658 2552 aut
2701 2488 2969 2574 disposi-

862 2595 1100 2665 torum,
1149 2592 1301 2674 post
1369 2586 1600 2653 debita
1667 2593 1739 2653 et
1804 2587 2027 2675 legata
2086 2610 2235 2654 mea
2298 2589 2533 2668 soluta,
2578 2589 2732 2655 volo
2795 2587 2969 2676 quod

861 2692 991 2779 ipsi
1053 2694 1436 2756 executores
1509 2689 1643 2755 mei
1710 2690 1818 2768 sic,
1884 2695 1963 2756 ut
2040 2689 2407 2778 praefertur,
2473 2691 2831 2778 disponant
2898 2691 2969 2754 in

862 2793 1026 2860 locis
1091 2792 1228 2858 suis
1290 2791 1626 2879 praedictis
1703 2792 1787 2857 de
1844 2791 2040 2858 bonis
2106 2792 2286 2881 apud
2350 2813 2461 2859 eos
2524 2791 2965 2872 manentibus,

863 2896 1035 2961 sicut
1078 2916 1296 2961 coram
1339 2914 1600 2960 summo
1644 2893 1693 2959 J
1693 2894 1885 2960 udice
1953 2895 2346 2981 respondere
2412 2894 2643 2973 velint,
2698 2894 2968 2981 prom'oe

863 3018 1136 3084 semper,
1185 2995 1360 3082 quod
1427 3017 1496 3060 se
1542 3016 1679 3061 non
1743 2996 2204 3062 intromittant
2249 2995 2332 3061 de
2376 2996 2567 3061 bonis
2628 2996 2791 3061 meis
2856 3018 2971 3083 per

864 3120 970 3163 me
1015 3100 1090 3163 in
1133 3098 1279 3161 vita
1322 3118 1470 3162 mea
1514 3096 1837 3163 ordinatis
1885 3097 2217 3164 communi
2261 3096 2550 3164 librariae
2594 3097 2970 3176 Londoniae,

865 3203 984 3265 aut
1027 3198 1317 3264 librariae
1365 3198 1850 3264 Universitatis
1895 3198 2193 3277 Oxoniae,
2238 3222 2355 3265 seu
2396 3199 2685 3266 librariae
2712 3199 2967 3265 Welliae

867 3306 987 3366 aut
1054 3300 1342 3367 ecclesiae
1406 3300 1742 3380 Wellensi,
1812 3307 1934 3368 aut
1996 3297 2077 3367 de
2140 3302 2306 3368 cista
2380 3323 2530 3368 mea
2602 3306 2824 3368 stante
2898 3302 2969 3366 in

867 3403 1136 3469 ecclesia
1198 3403 1261 3469 S.
1328 3402 1515 3469 Petri
1572 3403 1646 3467 in
1707 3403 1961 3469 oriente
2022 3403 2320 3480 Oxoniae‚
2380 3409 2501 3470 aut
2560 3404 2846 3469 eeclesiae
2905 3404 2967 3471 S.

867 3504 1203 3570 Dunstani
1269 3504 1342 3568 in
1412 3504 1754 3570 occidente
1822 3504 2165 3586 Londonii,
2242 3503 2315 3570 in
2360 3505 2462 3591 cuj
2470 3528 2546 3571 us
2607 3506 2707 3571 rei
2780 3506 2969 3571 testi-

867 3608 1164 3673 monium
1237 3606 1530 3693 sigillum
1597 3606 2167 3674 archidiaconatus
2230 3608 2361 3673 mei
2424 3607 2751 3674 Roffensis
2818 3606 2970 3673 huic

866 3713 1270 3776 testamento
1315 3730 1480 3790 meO,
1511 3730 1726 3775 meam
1772 3709 2079 3776 ultimam
2124 3708 2539 3776 voluntatem
2586 3709 2971 3787 continenti,

867 3833 1150 3900 appono,
1195 3815 1267 3878 et
1312 3832 1518 3876 manu
1560 3811 1829 3898 propria
1865 3834 1969 3877 me
2015 3810 2368 3878 subscribo.

957 3913 1224 3980 Datwm
1268 3911 1637 3991 Londonii,
1672 3912 1787 3979 die
1830 3918 1892 3979 et
1934 3934 2127 3979 anno
2170 3912 2465 3979 Domv'sni
2508 3912 2945 3999 wwmdictia

961 4048 1313 4130 Praeterea,
1332 4046 1488 4114 volo
1519 4050 1695 4134 quod
1722 4048 1996 4134 quidam
2026 4047 2194 4113 liber
2221 4048 2301 4113 H
2296 4047 2550 4133 uyomts
2580 4046 2663 4115 de
2696 4048 2971 4115 Vienna

869 4174 1078 4237 super
1121 4149 1326 4217 libris
1367 4149 1638 4235 Reywm
1680 4170 1893 4237 usque
1934 4148 1995 4215 J
1988 4148 2081 4227 ob,
2124 4170 2320 4236 quem
2365 4148 2570 4216 habet
2615 4150 2971 4216 Matthaeus

872 4253 1154 4340 scriptor
1197 4274 1384 4318 meus
1451 4252 1731 4319 Oxoniae
1799 4274 1919 4339 pro
1964 4272 2101 4316 una
2146 4252 2348 4338 copia,
2393 4251 2793 4318 restituatur
2836 4272 2971 4317 mo-

871 4354 1160 4421 nasterio
1207 4354 1676 4432 Glastoniensi,
1726 4354 2037 4421 restituto
2084 4358 2309 4419 tamen
2352 4352 2806 4440 chirographo,
2857 4353 2971 4439 qui

869 4457 968 4523 ibi
1012 4457 1310 4536 habetur,
1356 4476 1553 4542 super
1594 4456 1964 4542 receptione
2007 4455 2298 4540 ejusdem
2343 4453 2544 4521 libri:

959 4558 1154 4637 Item,
1183 4558 1334 4624 volo
1365 4557 1544 4644 quod
1574 4579 1746 4624 unus
1764 4558 1932 4624 liber
1964 4558 2541 4634 Clementinarum,
2572 4578 2723 4623 cum
2754 4558 2975 4623 docto-

869 4661 1056 4728 ribus
1084 4660 1224 4726 suis
1268 4660 1314 4725 J
1318 4660 1580 4725 ohanne
1625 4660 1986 4737 Rasselino,
2016 4658 2374 4726 Wilhelmo
2405 4658 2625 4737 Paulo,
2664 4660 2975 4725 restitua-

1549 4840 1564 4873 ¹
1586 4840 1748 4892 siradio
1766 4842 2002 4905 repeated
2022 4840 2075 4890 in
2098 4840 2181 4892 the
2203 4839 2317 4891 MS.
