3466 5635
783 931 790 938 ‚
846 851 977 926 672
1400 863 1580 920 Aca-A
1624 867 1860 920 cunm
1905 864 2384 919 emesenum.

838 1057 1104 1139 scilicet,
1168 1056 1347 1145 quod
1417 1055 1766 1123 annuatim
1825 1055 1900 1122 in
1958 1047 2368 1144 perpetuum,
2417 1056 2492 1123 in
2541 1057 2830 1146 vesperis
2873 1058 2939 1126 S.

840 1160 1179 1249 Stephani,
1237 1160 1313 1226 in
1400 1159 1816 1226 hebdomada
1892 1160 2273 1226 nativitatis
2357 1160 2652 1244 Domini,
2713 1166 2940 1229 cantet

836 1263 1319 1352 responsorium
1406 1263 1481 1330 in
1562 1263 1780 1330 medio
1851 1261 2138 1330 ecclesiae
2201 1271 2234 1298 “
2257 1262 2564 1350 Aperuit
2615 1285 2687 1330 os
2741 1262 2886 1350 ejus
2903 1263 2935 1288 '’

836 1367 911 1432 in
998 1365 1402 1457 processione
1492 1365 1574 1433 de
1666 1365 1730 1432 S.
1802 1363 1850 1431 J
1851 1363 2111 1431 ohanne
2189 1357 2636 1453 Evan'gelista,
2717 1373 2785 1433 et
2861 1367 2936 1432 in

836 1469 1167 1538 redeundo
1198 1471 1284 1536 ad
1328 1468 1601 1536 chorum
1633 1473 1903 1535 cantare
1933 1473 2247 1536 teneatur
2275 1468 2396 1534 hoc
2447 1471 2936 1558 responsorium

835 1575 917 1640 de
996 1573 1394 1642 Beatissima
1478 1572 1693 1640 Maria
1755 1595 2010 1660 semper
2071 1571 2370 1660 Virgine,
2425 1577 2459 1608 “
2490 1573 2576 1639 Te
2635 1573 2935 1642 laudant

831 1677 1107 1764 A‘nyeli,
1170 1675 1426 1744 Sancta
1476 1675 1610 1744 Deo:
1665 1673 2037 1763 mmm-im?
2083 1673 2192 1741 Sco.

919 1780 969 1847 I
964 1787 1111 1860 tem,
1173 1781 1405 1847 ordino
1467 1785 1535 1847 et
1590 1779 1925 1846 constituo
1979 1783 2361 1848 executores
2421 1801 2601 1846 meos
2685 1780 2933 1870 Magis-

826 1889 1011 1951 trum
1057 1883 1488 1950 Wilhelmum
1534 1884 1770 1965 Grene,
1833 1882 2264 1950 Eboracensis
2324 1883 2639 1964 dioecesis,
2688 1884 2932 1972 Magis-

828 1993 1008 2055 trum
1053 1986 1101 2054 J
1103 1987 1423 2054 ohannem
1470 1987 1796 2074 TemmyS,
1840 1991 1910 2053 et
1955 1985 2358 2052 Edwardum
2405 1986 2686 2066 Calcow,
2733 1993 2802 2054 et
2845 1987 2931 2053 do

828 2091 921 2157 eis
981 2113 1207 2157 omnes
1284 2090 1489 2157 libros
1569 2111 1750 2156 meos
1827 2094 1896 2155 et
1961 2087 2206 2175 jocalia
2286 2089 2371 2154 ad
2449 2089 2928 2177 disponendum

826 2217 946 2284 pro
1007 2194 1233 2262 anima
1276 2215 1439 2273 mea,
1487 2193 1581 2260 sic
1609 2202 1691 2259 ut
1737 2191 2032 2281 disposui
2062 2192 2156 2260 eis
2185 2192 2258 2260 in
2288 2193 2574 2281 quadam
2621 2193 2932 2262 schedula

824 2320 1031 2364 manu
1092 2320 1238 2364 mea
1297 2297 1565 2386 propria
1614 2297 1875 2384 scripta.

913 2401 1169 2469 Datum
1216 2401 1513 2480 Oxoniae,
1558 2398 1633 2465 in
1678 2399 1847 2466 festo
1908 2400 2100 2464 Beati
2152 2398 2456 2487 Gregorii
2511 2400 2812 2480 doctoris,
2855 2401 2930 2468 in

823 2525 1079 2571 camera
1137 2525 1286 2570 mea
1344 2503 1501 2583 alta,
1555 2505 1727 2568 teste
1774 2501 1822 2569 J
1825 2501 2084 2568 ohanne
2131 2501 2435 2569 Roberde
2496 2508 2566 2568 et
2624 2503 2926 2591 pluribus

820 2608 972 2674 aliis
1030 2606 1210 2686 viris,
1277 2629 1454 2673 anno
1515 2605 1792 2672 Domini
1865 2605 2215 2672 millesimo
2276 2605 2925 2695 quadringentesimo

821 2709 1366 2798 quinquagesimo
1426 2709 1723 2798 septimo·

908 2842 1275 2909 Probatum
1332 2841 1471 2908 fuit
1528 2862 1820 2929 praesens
1879 2844 2356 2908 testamentum
2416 2863 2634 2909 coram
2718 2843 2926 2925 nobis,

814 2945 1065 3013 Thoma
1163 2945 1641 3034 Chippenham,
1724 2966 2059 3011 sacrorum
2139 2966 2464 3011 canonum
2545 2947 2922 3034 professore,

811 3048 1189 3137 praenobilis
1233 3048 1624 3135 eximiaeque
1671 3048 2082 3113 discretionis
2125 3047 2258 3113 viri
2302 3048 2611 3136 Magistri
2657 3050 2922 3118 Thomae

816 3152 1247 3230 Chaundeler,
1274 3173 1475 3218 sacres
1505 3151 1856 3239 theologiae
1887 3150 2284 3239 professoris,
2317 3151 2706 3220 Cancellarii
2733 3155 2924 3223 almae

814 3254 1290 3322 Universitatis
1323 3254 1617 3335 Oxoniae,
1666 3252 2134 3321 commissario
2177 3256 2486 3343 generali,
2517 3258 2922 3326 insumatum

813 3365 883 3426 et
927 3358 1367 3446 approbatum
1432 3380 1508 3425 ac
1552 3380 1671 3445 per
1735 3379 1856 3423 nos
1917 3359 2430 3445 pronunciatum
2491 3382 2611 3446 pro
2693 3362 2923 3429 eodem

812 3462 1124 3529 vicesimo
1200 3460 1483 3529 secundo
1582 3460 1689 3527 die
1767 3460 2013 3526 mensis
2098 3460 2347 3539 Martii,
2410 3484 2582 3528 anno
2648 3464 2922 3531 Domini

813 3566 1269 3654 suprascriptO,
1304 3564 1780 3651 commissaque
1823 3563 2061 3629 extitit
2089 3564 2580 3631 administratio
2625 3569 2920 3634 omnium

810 3671 1139 3736 bonorum
1169 3669 1347 3734 idem
1379 3672 1858 3735 testamentum
1889 3668 2426 3734 concernentium
2457 3671 2920 3737 executoribus

810 3772 987 3837 infra
1022 3769 1403 3849 nominatiS,
1435 3771 1509 3835 in
1551 3770 1764 3836 forma
1798 3770 1970 3856 juris
2005 3771 2270 3857 juratis,
2300 3771 2415 3857 qui
2460 3772 2726 3838 demum
2771 3796 2919 3839 cum

813 3874 1021 3941 officio
1076 3874 1364 3941 fideliter
1427 3877 1996 3961 computaverunt,
2044 3877 2112 3939 et
2180 3872 2434 3940 dimissi
2497 3881 2670 3958 sunt,
2735 3877 2918 3943 salvo

804 3977 955 4064 jure
1000 3978 1100 4064 cuj
1109 3998 1444 4063 uscunque
1474 4001 1489 4057 ;

906 4080 993 4147 In
1058 4081 1257 4147 fidem
1319 4085 1389 4145 et
1454 4078 1919 4145 testimonium
1985 4078 2284 4145 omnium
2359 4086 2430 4146 et
2507 4082 2910 4170 singulorum

820 4184 1321 4271 praemissorum,
1355 4182 1643 4269 sigillum
1688 4180 2183 4249 cancellariatus
2216 4182 2698 4251 Universitatis
2728 4190 2915 4251 ante-

816 4287 1013 4354 dictae
1056 4285 1489 4372 praesentibus
1532 4284 1974 4372 apposuimus.

1014 4464 1143 4536 The
1176 4466 1306 4535 laet
1346 4466 1507 4535 Will
1534 4466 1684 4535 and
1716 4467 2096 4535 Testamnt
2124 4464 2203 4555 of
2234 4466 2296 4535 J
2290 4466 2426 4535 olm
2454 4466 2534 4534 H
2528 4466 2706 4539 elier.

410 4616 484 4669 A.
510 4634 584 4673 aa.
612 4624 721 4675 les.
900 4606 950 4673 I
942 4626 999 4673 ‘n
1040 4604 1173 4673 Dei
1199 4604 1498 4683 mine,
1528 4604 1804 4687 Amen;
1851 4604 2232 4671 Penultimo
2277 4606 2388 4673 die
2415 4608 2660 4674 mensis
2689 4607 2739 4675 J
2741 4610 2907 4693 unii,

359 4704 497 4761 June
517 4716 581 4763 29
609 4718 753 4766 1⁴⁵8·
810 4730 983 4776 anno
1014 4708 1288 4775 Domini
1316 4707 1661 4774 millesimo
1686 4708 2334 4797 quadringentesimo
2365 4710 2910 4799 quinquagesimo

810 4817 1059 4892 octaVO,
1104 4812 1264 4899 Eyo,
1296 4810 1345 4880 J
1346 4811 1635 4879 ohannes
1680 4812 1928 4893 Helier,
1960 4812 2325 4901 presbyter,
2370 4835 2631 4903 compos
2661 4818 2904 4884 mentis
