3466 5635
843 805 1032 856 mem
1075 801 1532 856 8188888188
1577 799 1666 854 111
1705 801 2285 856 18088881811181.
2485 792 2616 862 407

518 985 822 1070 regentes
863 1001 1062 1070 super
1102 979 1392 1069 practica
1441 979 1877 1060 examinatae,
1920 982 2181 1046 attente
2220 998 2446 1046 eorum
2510 977 2620 1063 ju·

519 1083 712 1164 dicio,
739 1085 816 1150 in
858 1083 1114 1150 virtute
1139 1080 1536 1148 sacramenti
1578 1079 1883 1169 praestiti,
1930 1079 2303 1148 exhibendo
2346 1080 2619 1146 idoneus

520 1189 914 1274 reputetur:
976 1185 1037 1251 si
1079 1207 1240 1252 vero
1286 1205 1498 1250 11111181
1541 1183 1873 1250 duntaxat
1914 1184 2259 1271 contingat
2302 1204 2439 1249 esse
2490 1181 2619 1248 Re-

517 1292 804 1406 gentem,
843 1287 1248 1355 associentur
1289 1288 1353 1352 81
1417 1286 1652 1354 saltem
1714 1286 1852 1353 duo
1893 1285 2003 1352 vel
2051 1289 2189 1352 tres
2238 1287 2323 1354 de
2366 1284 2453 1351 iis
2499 1285 2617 1372 qui

519 1391 702 1478 prius
758 1391 834 1456 in
874 1389 1020 1478 ipsa
1075 1389 1390 1456 facultate
1439 1391 1771 1456 rexerunt.
1863 1387 1950 1454 In
2000 1391 2247 1455 eventu
2290 1387 2616 1474 siquidem

519 1491 944 1560 dissensionis
971 1491 1230 1560 arbitrii
1258 1513 1375 1558 seu
1409 1490 1650 1610 judicii
1679 1490 2072 1570 eorumdem,
2100 1489 2365 1577 majoris
2406 1490 2619 1579 partis

519 1594 796 1662 arbitrio
865 1599 1099 1662 stetur.
1191 1594 1359 1662 Haec
1424 1596 1507 1660 de
1567 1594 1652 1660 iis
1723 1594 1841 1681 qui
1911 1595 2095 1681 prius
2166 1599 2483 1662 rexerunt
2540 1595 2617 1660 in

521 1698 779 1765 artibus
835 1702 993 1765 sunt
1055 1701 1332 1778 statuta,
1394 1697 1527 1784 qui,
1573 1701 1934 1786 antequam
1994 1697 2439 1779 licentientur,
2499 1719 2617 1784 per

519 1823 638 1868 sex
665 1823 874 1868 annos
909 1800 1332 1868 medicinalia
1375 1799 1636 1866 audisse
1666 1802 2003 1882 tenentur,
2031 1803 2251 1868 cetera
2292 1800 2369 1866 in
2396 1800 2617 1888 priora

521 1909 784 1973 statuta
826 1908 1139 1971 contenta
1184 1926 1334 1970 cum
1364 1904 1470 1970 his
1518 1901 1904 1990 diligentius
1948 1903 2393 1970 observentur.
2486 1902 2619 1985 Qui
2640 1915 2832 2015 3252
2820 1919 2901 2013 111
2882 1931 3069 2018 hoe-31⁸

523 2029 684 2072 vero
727 2007 802 2073 in
861 2006 1122 2074 artibus
1171 2028 1308 2072 non
1359 2011 1677 2072 rexerunt
1725 2006 1803 2070 in
1852 2010 1997 2072 arte
2040 2006 2414 2072 medicinali
2456 2005 2675 2073 inci-n
2674 2020 2727 2064 ot
2740 2021 3008 2074 sudu-ted

522 2131 674 2196 pere
738 2130 874 2176 non
946 2113 1303 2190 attentent,
1367 2131 1490 2174 nec
1553 2107 1644 2174 ad
1701 2107 2056 2196 practicam
2122 2109 2195 2172 in
2258 2108 2619 2195 municipio

524 2210 799 2277 Oxoniae
859 2211 1320 2290 admittantur,
1371 2211 1502 2278 nisi
1545 2210 1729 2299 prius
1787 2231 1905 2298 per
1968 2215 2116 2276 octo
2162 2232 2370 2276 annos
2434 2211 2620 2276 audi·

525 2313 701 2380 erint
773 2314 1183 2393 medicinam,
1261 2336 1424 2432 quos
1491 2313 1763 2400 insuper
1842 2335 1885 2378 a
1928 2312 2267 2401 Mag-istrie
2326 2311 2618 2398 ejusdem

523 2391 858 2482 facultatis
931 2414 1300 2483 examinari
1384 2437 1460 2482 ac
1521 2438 1563 2481 a
1648 2414 2073 2494 CancellariO,
2158 2415 2621 2482 assistentibus

524 2518 1080 2601 Procuratoribus,
1153 2518 1424 2584 admitti
1490 2519 1574 2584 ad
1640 2519 1995 2605 practicam
2064 2518 2430 2606 oportebit.
2506 2519 2622 2606 qui

523 2642 700 2700 vero,
753 2621 861 2687 his
905 2621 1176 2699 omissis,
1221 2620 1481 2708 publice
1545 2619 1824 2688 Oxoniae
1869 2619 2224 2709 111-88118818
2265 2642 2622 2710 praesump—

525 2724 701 2802 serit,
747 2723 835 2789 ab
877 2724 1174 2790 ulteriori
1243 2724 1653 2810 promotione
1699 2722 1770 2786 in
1818 2722 2279 2790 Universitate
2344 2723 2623 2792 Oxoniae

523 2828 894 2915 repellatur,
911 2849 1034 2894 nec
1063 2825 1540 2894 Universitatis
1561 2825 1929 2915 privilegiis
1956 2826 2259 2915 gaudeat,
2290 2846 2625 2917 quousque

526 2929 982 2997 reconciliatus
1029 2928 1172 3017 ejus
1219 2928 1503 3017 gratiam
1562 2930 1879 2995 meruerit
1920 2922 2238 2995 obtinere.

523 3236 780 3305 Forum
821 3234 1195 3304 secumdam
1239 3254 1452 3321 quam
1479 3230 1714 3300 dabam
1756 3231 2110 3322 ‘incepturi
2150 3232 2239 3300 ἄκη
2265 3232 2349 3299 M
2344 3232 2624 3301 edicam

615 3488 750 3569 Qui
792 3488 868 3552 in
915 3483 1249 3552 Medicina
1291 3484 1542 3550 fuerint
1593 3484 1925 3572 incepturi
1970 3484 2199 3571 legant
2242 3483 2316 3547 in
2368 3483 2623 3550 artibus

525 3597 876 3679 antequam
943 3588 1381 3666 licentientur,
1427 3608 1547 3676 per
1593 3607 1712 3653 sex
1764 3577 1972 3652 annos
2030 3585 2311 3651 audiant
2353 3585 2623 3652 medici-

526 3692 720 3775 nalia,
795 3690 1076 3759 cursorie
1142 3690 1366 3778 legant
1422 3711 1629 3755 unum
1695 3689 1941 3755 librum
2003 3688 2458 3755 medicinalem
2541 3689 2623 3755 de

527 3796 815 3885 practica
858 3800 929 3861 et
985 3793 1192 3859 alium
1233 3793 1318 3859 de
1374 3791 1686 3873 theorica,
1748 3795 1818 3857 et
1875 3813 1993 3879 per
2060 3812 2287 3858 omnes
2370 3790 2621 3857 scholas

528 3897 948 3971 medicinales
993 3918 1112 3985 per
1152 3886 1542 3974 biennium,¹
1587 3894 1851 3983 publice
1879 3892 2323 3980 respondeant
2364 3893 2439 3959 in
2494 3894 2623 3960 dis-

528 4000 986 4090 putationibus
1037 4003 1108 4065 et
1168 4003 1550 4085 opponant:
1597 3997 1778 4085 quod
1828 3998 1884 4062 si
1944 4017 2115 4063 unus
2160 3997 2623 4063 tantummodo

526 4104 727 4195 i'uerit
769 4102 1118 4169 actualiter
1144 4124 1396 4191 regens,
1441 4122 1524 4167 ex
1551 4105 1740 4188 parte
1785 4100 2175 4167 Cancellarii
2220 4103 2289 4167 et
2333 4100 2621 4168 Univer-

529 4207 746 4274 sitatis
822 4206 1030 4293 aliqui
1089 4204 1396 4292 Magistri
1457 4205 1704 4270 artium
1776 4203 2145 4269 liberalium
2218 4204 2305 4269 ad
2370 4204 2625 4272 scholas

529 4309 872 4377 medicinae
911 4308 1478 4385 transmittantur,
1523 4311 1602 4371 ut
1650 4306 1731 4372 de
1782 4308 2167 4395 praesentati
2212 4305 2623 4397 oppositione

529 4641 624 4771 ’τέ
653 4656 748 4705 per
782 4638 1021 4770 61828811
1066 4637 1113 4690 18
1152 4638 1316 4689 added
1365 4643 1419 4689 at
1463 4636 1549 4689 the
1597 4637 1696 4687 end
1739 4636 1801 4688 of
1835 4636 1922 4688 the
1960 4637 2066 4688 line
2107 4637 2163 4689 in
2206 4654 2237 4691 a
2282 4640 2410 4691 later
2450 4640 2612 4693 hand-

623 4718 736 4786 ting
767 4717 822 4770 in
