3466 5635
629 848 819 900 nunu
865 847 1331 900 cmcsLLARn
1379 851 1466 901 ET
1509 850 2087 904 raecum-rosus.
2312 841 2445 906 403

353 1019 604 1088 alienos
653 1021 742 1088 ad
783 1020 1002 1088 minus
1059 1021 1190 1088 sibi
1227 1021 1320 1088 ad.
1364 1041 1558 1088 usum
1601 1023 1813 1090 totius
1863 1024 2131 1092 lecturae
2183 1047 2321 1092 suae
2369 1025 2449 1092 in

355 1121 462 1188 illa
515 1121 832 1192 facultate
881 1123 1132 1210 absque
1175 1123 1410 1191 fraude
1451 1145 1805 1192 concessos.

441 1224 738 1342 lLaibellus
805 1225 1310 1292 institutionum
1369 1227 1452 1292 de
1513 1232 1731 1294 cetero
1786 1227 1921 1315 legi
1978 1227 2227 1315 poterit
2284 1229 2447 1296 hora

357 1348 588 1414 prima.

397 1565 652 1634 Poma
693 1567 986 1636 moowm
1030 1569 1155 1658 qui
1201 1567 1551 1637 vicentiam:
1595 1569 1825 1637 debent
1884 1571 1979 1637 ad
2018 1569 2397 1638 vobumm‘ma.

440 1718 888 1786 Praesentatus
927 1726 1150 1788 autem
1204 1722 1290 1788 ad
1345 1721 1664 1788 lecturam
1712 1729 1751 1758 “
1770 1720 2014 1808 diyesti
2052 1723 2223 1790 novi
2238 1723 2272 1748 ”
2330 1723 2441 1790 vel

353 1829 388 1856 “
411 1820 818 1908 ‘thasco-cmi?
866 1845 1096 1890 omnes
1139 1824 1344 1890 libros
1387 1830 1532 1890 tam
1575 1825 1941 1892 ordinarios
1979 1846 2177 1911 quam
2220 1831 2441 1894 extra-

353 1924 718 1992 ordinarios
781 1927 1232 2014 appasitatos,2
1297 1932 1382 1992 ut
1424 1927 1836 2014 praemissum
1894 1933 2013 2006 est,
2062 1929 2441 2015 juramento

349 2028 614 2114 proprio
641 2049 710 2093 se
753 2028 976 2095 fimet
1017 2028 1298 2096 haberet
1364 2029 1436 2094 in
1483 2030 1721 2116 quibus
1766 2030 2033 2118 quidem
2095 2029 2279 2096 libris
2324 2053 2440 2096 seu

349 2129 794 2196 voluminibus
835 2151 1046 2218 usque
1085 2132 1171 2198 ad
1196 2133 1440 2198 festum
1483 2131 1676 2199 Beati
1707 2132 1887 2199 Petri
1938 2139 1977 2168 “
2001 2133 2089 2198 ad
2116 2133 2442 2216 vincula,'’

345 2229 687 2298 tenebitur
726 2233 1114 2299 continuare
1157 2233 1489 2300 lecturam.

440 2505 588 2589 Quo
631 2512 917 2594 tempore
981 2505 1374 2574 Baahizariv:
1415 2507 1504 2574 ‘im
1564 2507 1624 2574 J
1619 2529 1749 2574 ure
1806 2506 2025 2574 Civili
2058 2514 2353 2594 possvmt

437 2751 952 2821 Altercationem
997 2753 1431 2841 quorumdam
1475 2751 1650 2820 circa
1675 2758 1943 2841 tempus
1968 2752 2441 2821 licentiationis

347 2856 704 2923 Bachilarii
765 2858 840 2923 in
885 2855 1040 2944 jure
1093 2857 1294 2933 civili,
1355 2857 1536 2923 dicta
1603 2856 2026 2924 Universitas
2087 2856 2211 2923 hoc
2272 2880 2439 2944 prae-

346 2961 520 3025 senti
547 2961 868 3027 resecavit
895 2960 1130 3039 edicto,
1162 2966 1470 3027 stamus
1495 2960 1944 3026 Bachilarium
1968 2960 2055 3025 ad
2098 2960 2433 3027 licentiam

345 3064 422 3127 in
495 3063 673 3129 dicta
715 3063 1026 3129 facultate
1073 3066 1548 3152 praesentatum
1592 3084 1781 3149 posse
1825 3062 2149 3129 licentiari
2192 3062 2265 3127 in
2310 3063 2435 3130 lec-

345 3172 500 3232 tura
544 3166 648 3231 sui
693 3164 912 3231 ultimi
955 3165 1310 3231 voluminis
1351 3168 1503 3252 post
1547 3165 1863 3230 solemnia
1897 3164 2333 3244 Pentecostes,
2365 3172 2436 3232 et

343 3268 614 3333 tandem
659 3262 958 3355 incipere,
990 3269 1150 3333 dum
1195 3272 1436 3345 tamen,
1481 3268 1864 3353 priusquam
1906 3268 2199 3355 incipiat,
2243 3290 2434 3335 suum

345 3370 656 3437 volumen
697 3370 1036 3458 compleat,
1083 3375 1162 3437 ut
1205 3374 1489 3436 tenetur.

435 3472 790 3540 Statutum
833 3480 944 3553 est,
989 3474 1166 3559 quod
1207 3472 1490 3560 quilibet
1546 3471 1987 3539 licentiandus
2029 3473 2119 3539 ad
2168 3473 2435 3561 aliquod

343 3576 660 3641 volumen
701 3575 1053 3663 legendum
1099 3576 1414 3642 facultate
1446 3575 1622 3661 juris
1663 3575 1895 3654 civilis,
1922 3580 2073 3663 post
2116 3576 2433 3642 lecturam

343 3678 862 3755 institutionum,
909 3677 1207 3744 libellum
1250 3678 1751 3744 institutionum
1778 3701 1849 3744 se
1882 3677 2067 3765 juret
2112 3679 2433 3765 complete

341 3782 592 3868 legisse,
621 3801 770 3846 cum
813 3780 1046 3867 glossis
1086 3786 1157 3846 et
1197 3779 1608 3867 expositione
1651 3783 1901 3846 textus.

345 4064 602 4131 Foma
643 4063 934 4133 illoram·
961 4066 1088 4152 qui
1132 4064 1485 4133 licmtiwi
1529 4064 1764 4132 debent
1808 4064 1903 4131 ad
1944 4062 2435 4151 mondum

1069 4166 1160 4232 in
1200 4168 1261 4234 J
1255 4189 1376 4233 ure
1425 4166 1657 4235 Civili.
1693 4167 1712 4205 ¹

433 4316 567 4397 Qui
593 4316 666 4381 in
699 4316 854 4404 jure
884 4317 1066 4383 civili
1096 4322 1254 4384 sunt
1291 4318 1641 4405 incepturi,
1688 4318 1901 4405 primo
1926 4317 2107 4383 vices
2135 4318 2428 4383 omnium

340 4420 812 4507 Magistrorum
882 4419 956 4484 in
1007 4420 1234 4487 eadem
1299 4420 1612 4486 facultate
1674 4420 2003 4487 ordinarie
2070 4420 2431 4509 legentium

335 4524 696 4611 suppleant
753 4521 827 4587 in
891 4522 1186 4610 legendo,
1226 4528 1301 4589 et
1350 4544 1468 4610 per
1527 4545 1753 4589 omnes
1810 4522 2061 4589 scholas
2126 4522 2431 4589 decretis-

937 4790 952 4822 ¹
972 4788 1041 4842 A.
1064 4792 1166 4841 and
1189 4789 1246 4841 C.
1268 4788 1396 4839 omit
1415 4790 1466 4839 in
1487 4788 1618 4839 Jure
1644 4786 1809 4839 Civili.

2596 1586 2661 1642 C.
2682 1593 2767 1642 66.

2577 2513 2663 2701 529⁵?

2672 2517 2757 2700 ⁹313
