3466 5635
602 1921 670 1974 Δ.
694 1938 769 1974 aa.
794 1927 911 1974 226.

566 2011 689 2062 Feb.
715 2019 763 2076 6,
789 2018 932 2065 1465.

537 2101 621 2144 Dr.
638 2102 765 2146 John
783 2102 915 2147 Cald-

532 2151 665 2203 bekc,
676 2153 853 2196 elected

533 2203 708 2246 arbiter
722 2203 755 2245 b
801 2203 885 2247 the

534 2252 753 2305 disputan
800 2285 815 2304 .

532 2304 880 2398 fflt‘fflr

532 2405 811 2502 ment,
825 2417 878 2448 as

1004 758 1133 824 714
1548 770 1727 820 Aci-A
1773 773 2008 822 cunm
2054 771 2536 822 cANcELLARn.

998 980 1068 1022 se
1098 957 1381 1022 firmiter
1424 957 1882 1023 astrinxerunt
1926 961 1994 1022 et
2039 956 2436 1044 obligarunt,
2465 959 2589 1024 sub
2635 979 2838 1044 poena
2880 956 3102 1024 decem

996 1058 1321 1124 librarum
1380 1058 1862 1136 solvendarum,
1908 1057 1965 1122 si
2011 1057 2301 1124 defectus
2346 1061 2436 1124 sit
2479 1059 2554 1124 in
2612 1065 2804 1146 parte
2865 1060 2974 1125 vel
3029 1060 3104 1124 in

999 1166 1147 1226 toto
1194 1160 1366 1226 circa
1410 1161 1766 1246 praemissa,
1839 1159 2156 1226 solvendo
2232 1181 2440 1226 unam
2502 1165 2760 1247 partem
2825 1161 3098 1247 praedic-

996 1267 1216 1328 tarum
1265 1263 1487 1328 decem
1534 1261 1856 1327 librarum
1903 1261 2114 1327 officio
2158 1261 2694 1342 cancellariatus,
2747 1263 3098 1328 secundam

998 1369 1253 1450 partem
1300 1362 1767 1439 Universitati,
1815 1367 1885 1429 et
1930 1363 2200 1429 tertiam
2244 1369 2419 1450 parti
2465 1369 2862 1451 aggravatae.

1063 1671 1509 1740 Arbitration
1551 1671 1633 1758 of
1663 1694 1712 1738 a
1755 1671 2026 1758 disputo
2070 1672 2353 1740 between
2395 1673 2662 1740 certain
2701 1672 3026 1740 ‘members

1339 1773 1419 1862 os
1452 1781 1489 1812 “
1522 1774 1738 1842 White
1781 1773 2009 1841 Halz'’
2053 1774 2201 1841 (md
2248 1782 2285 1811 “
2310 1775 2490 1862 Deep
2535 1776 2616 1840 H
2611 1774 2767 1842 all?

1086 1915 1137 1981 I
1130 1938 1185 1981 ‘n
1242 1914 1374 1982 Dei
1446 1915 1744 1993 nomine,
1803 1915 2051 1982 Amen.
2140 1915 2218 1980 N
2213 1937 2300 1994 os,
2375 1916 2694 2002 Magister
2761 1915 3096 1981 «Iohannes

995 2015 1348 2096 Caldbeke,
1381 2017 1704 2104 professor
1749 2039 1950 2084 sacrae
1989 2017 2357 2104 theologiae,
2390 2016 2753 2082 amicabilis
2784 2017 3096 2102 composi-

993 2125 1101 2187 tor
1184 2125 1251 2185 et
1310 2121 1527 2205 impar
1586 2119 2022 2184 communiter
2095 2123 2164 2184 et
2237 2118 2646 2184 concorditer
2719 2123 3095 2205 assumptus

992 2228 1062 2288 et
1107 2222 1351 2288 electus
1398 2222 1576 2286 inter
1621 2220 2029 2288 Edwardum
2075 2220 2328 2307 Cheny,
2375 2220 2698 2300 clericum,
2744 2225 2816 2286 et
2877 2221 3098 2286 Ricar-

992 2324 1150 2390 dum
1216 2323 1413 2403 Gren,
1482 2323 1885 2408 mancipium
1930 2322 2099 2388 aulae
2143 2322 2351 2400 Albae,
2414 2343 2564 2388 cum
2609 2321 3094 2387 adhaerentibus

992 2425 1237 2492 eisdem
1283 2426 1366 2490 de
1412 2425 1642 2490 eadem
1686 2425 1840 2489 aula
1884 2428 1954 2490 et
2003 2423 2154 2506 aliis
2214 2423 2393 2503 locis,
2439 2429 2697 2510 partem
2758 2423 3094 2508 querelan-

993 2533 1129 2594 tem
1176 2551 1261 2592 ex
1304 2548 1439 2591 una
1498 2531 1700 2612 parte,
1751 2531 1821 2590 et
1881 2525 2222 2591 dominum
2283 2525 2710 2614 Radulphum
2757 2525 3093 2590 Blaistone

993 2636 1064 2695 et
1134 2629 1476 2695 dominum
1546 2627 1646 2693 W.
1722 2626 2081 2693 ffairebarn
2148 2626 2232 2692 de
2299 2627 2453 2692 aula
2528 2626 2883 2707 Profunda,
2946 2647 3090 2691 cum

988 2730 1479 2798 adhaerentibus
1552 2728 1796 2794 eisdem
1875 2727 1956 2794 de
2030 2727 2254 2794 eadem
2329 2727 2482 2793 aula
2554 2733 2624 2794 et
2697 2729 2855 2794 locis
2931 2728 3090 2808 aliis,

987 2839 1247 2920 partem
1293 2830 1701 2917 querela-tam
1748 2836 1937 2918 parte
1982 2852 2068 2895 ex
2126 2832 2355 2911 altera,
2402 2831 2485 2896 de
2530 2836 2600 2897 et
2644 2853 2841 2919 super
2885 2828 3091 2897 omni-

988 2936 1113 3001 bus
1142 2940 1211 3003 et
1256 2934 1536 3020 singuiis
1564 2933 2212 3018 transgressionibus
2249 2933 2529 3019 injuriis,
2562 2955 2639 2999 ac
2683 2933 3092 2999 contumeliis

990 3036 1193 3103 verbo
1240 3041 1360 3101 aut
1404 3037 1581 3101 facto
1627 3035 1879 3100 exortis
1923 3039 1993 3099 et
2037 3035 2214 3099 natis
2259 3034 2439 3100 inter
2479 3040 2700 3121 partes
2745 3033 3089 3121 praedictas

987 3145 1057 3205 et
1121 3138 1533 3204 adhaerentes
1593 3138 1839 3202 eisdem
1914 3157 1956 3200 a
2034 3136 2359 3223 principio
2435 3137 2670 3201 mundi
2744 3158 2949 3221 usque
3021 3138 3092 3200 in

989 3242 1165 3306 diem
1226 3240 1656 3307 confectionis
1718 3239 2162 3325 praesentium,
2228 3242 2431 3325 prout
2497 3240 2566 3303 in
2631 3239 3089 3326 compromisso

986 3344 1141 3407 inde
1187 3342 1481 3408 confecto
1541 3341 1802 3428 plenius
1862 3340 2513 3421 continetur,—visis
2554 3340 2766 3428 igitur
2809 3363 2887 3406 ac
2945 3342 3088 3405 dili-

985 3450 1219 3530 genter
1304 3444 1567 3508 rimatis
1642 3447 1713 3508 et
1787 3442 2140 3508 intellectis
2215 3442 2654 3529 petitionibus
2748 3443 3086 3529 utriusque

984 3546 1211 3632 partis,
1259 3550 1329 3611 et
1376 3565 1574 3631 super
1638 3544 1744 3608 his
1811 3543 2288 3609 communicato
2335 3542 2609 3609 consilio
2673 3544 3081 3629 sapientium,

988 3648 1395 3735 solemnique
1441 3668 1559 3734 per
1601 3667 1724 3711 nos
1770 3645 2241 3711 deliberatione
2285 3636 2672 3731 praehabita,
2705 3645 2833 3711 Dei
2883 3644 3088 3710 omni-

986 3740 1283 3837 potentis
1344 3748 1612 3813 nomine
1672 3747 1986 3834 primitus
2043 3747 2372 3824 invocato,
2416 3769 2536 3833 pro
2579 3748 2754 3813 bono
2799 3748 2980 3833 pacis
3021 3752 3086 3813 et

985 3851 1351 3918 concordiae
1413 3851 1591 3915 inter
1636 3855 1856 3935 partes
1901 3848 2252 3935 praedictas
2295 3855 2614 3936 perpetuo
2661 3848 3084 3929 habendae‚÷

530 3974 628 4018 rho
642 3972 817 4027 partie·
842 3974 961 4018 ⁸1:211
990 3957 1380 4034 laudamus,
1410 3954 1857 4033 arbitramur,
1907 3976 1986 4019 ac
2023 3952 2602 4039 pronunciamus,
2649 3955 2828 4041 quod
2871 3960 3086 4042 partes

610 4027 663 4067 m
792 4026 960 4125 0,.ῃὲἷῖ
987 4060 1323 4147 praedictae
1358 4060 1517 4123 hinc
1546 4058 1701 4122 inde
1747 4056 2116 4137 remittant,
2159 4062 2228 4123 et
2258 4056 2501 4122 abhinc
2531 4078 2650 4143 pro
2684 4058 2976 4123 remissis
3013 4078 3084 4122 ac

529 4037 619 4120 32¹2
637 4024 835 4119 23¹3ss

531 4125 647 4169 shall
664 4126 749 4167 not
766 4136 887 4169 com-

529 4187 691 4219 menoe
705 4186 797 4227 any

526 4276 632 4328 inge

528 4226 724 4273 mm?
738 4225 951 4277 m·
986 4162 1395 4228 renunciatis
1429 4160 1738 4239 habeant,
1771 4158 2076 4224 omnibus
2117 4162 2186 4223 et
2231 4156 2515 4245 singulis
2543 4158 2842 4245 querelis,
2876 4165 3085 4223 trans-

987 4264 1451 4352 gressionibus,
1494 4260 1773 4346 injuriis,
1825 4282 1900 4325 ac
1957 4260 2374 4325 contumeliis
2443 4259 2822 4345 praedictis,¹
2895 4282 3084 4348 super

989 4368 1093 4431 his
1147 4366 1227 4431 de
1288 4372 1505 4430 cetero
1568 4362 1998 4448 quaestionem
2061 4362 2142 4425 de
2197 4361 2350 4447 jure
2395 4365 2517 4425 aut
2563 4360 2646 4426 de
2711 4361 2890 4427 facto
2952 4382 3081 4427 non

989 4472 1290 4546 moturae,
1324 4466 1593 4551 utrique
1622 4464 1800 4550 parti
1829 4467 2221 4549 perpetuum
2271 4462 2610 4527 silentium
2641 4462 3084 4550 imponentes;

1825 4666 1842 4701 ¹
1859 4666 2213 4732 pradictionis,
2237 4666 2356 4719 MS.
