3466 5635
907 783 1038 846 (528
1469 793 1650 843 ACTA
1695 792 1931 842 cuma:
1977 789 2451 842 cmcnnnasslt

937 1122 1442 1210 Sequestration
1487 1123 1567 1209 of
1605 1122 1709 1188 the
1750 1123 1955 1209 qood-s
1998 1121 2076 1207 of
2112 1121 2217 1187 the
2260 1118 2607 1206 aforesaid
2652 1119 2980 1186 Scholara

450 1311 850 1416 321?qu
995 1300 1078 1365 M
1072 1301 1545 1380 ewwramdum,
1599 1300 1779 1387 quod
1826 1321 2040 1387 nuper
2087 1299 2369 1366 diversae
2414 1320 2693 1365 camerae
2750 1299 2825 1364 in
2864 1297 3016 1363 hos·

447 1415 808 1516 fflemffissxissm⁷
907 1403 1075 1490 pitio
1123 1403 1442 1484 Burnelli,
1488 1403 1927 1468 communiter
1972 1401 2152 1467 dicto
2202 1409 2239 1438 “
2260 1400 2875 1488 Burnellys-ynne,”
2926 1399 3016 1465 ad

908 1510 1121 1572 certas
1181 1526 1469 1570 summas
1535 1509 1809 1582 taxatae,
1868 1525 1986 1590 per
2051 1505 2346 1570 diversos
2413 1493 2771 1582 Scholares,
2832 1502 3015 1568 viros

905 1607 1242 1692 religiosos
1296 1607 1548 1672 ordinis
1607 1607 1674 1674 S.
1723 1606 2085 1687 Benedicti,
2132 1605 2411 1671 diversis
2455 1606 2755 1672 terminis
2801 1603 3016 1669 diver-

905 1729 1128 1774 sorum
1187 1729 1510 1773 annorum
1569 1709 1843 1774 fuerunt
1902 1714 2236 1794 occupatae
2295 1713 2365 1773 et
2422 1707 2833 1784 inhabitatae,
2891 1727 3014 1792 pro

909 1811 1150 1897 quibus
1210 1811 1442 1876 taliter
1512 1811 1913 1877 inhabitatis
1970 1810 2275 1876 nonnulli
2337 1811 2804 1896 praedictorum
2861 1808 3015 1873 reli-

905 1912 1240 2000 giosorum
1299 1911 1700 1979 multitoties
1762 1919 1830 1979 ct
1888 1912 2268 2000 frequenter
2326 1911 2525 1999 petiti
2596 1911 2685 1976 ad
2757 1909 3013 1975 satisfa-

453 2013 538 2058 ‘h‘’
553 2013 731 2058 ΠΜ
745 2011 840 2055 ⁸¹²⁶
906 2015 1208 2080 ciendum
1253 2037 1373 2102 pro
1417 2016 1843 2102 pensionibus
1900 2015 2297 2095 earumdem,
2344 2037 2460 2101 per
2504 2013 2897 2100 Magistrum
2942 2017 3015 2078 et

452 2065 628 2167 {2¹1}ae
640 2061 881 2158 3¹2⁶3³¹⁸11¹¹¹⁰¹
906 2119 1112 2182 socios
1171 2117 1430 2204 collegii
1485 2116 1751 2181 Ballioli
1811 2117 2114 2182 dominos
2173 2117 2464 2201 ejusdem
2518 2116 2809 2204 hospitii,
2872 2136 3010 2180 eas-

451 2163 881 2309 &gfff-&3¹:0¹2
906 2218 1057 2284 dem
1119 2240 1410 2283 summas
1461 2219 1550 2282 ad
1602 2239 1766 2303 quas
1826 2219 2235 2284 taxabantur
2294 2219 2549 2284 solvere
2607 2223 3011 2295 recusarunt,

513 2317 625 2360 ⁰⁰²⁸·
905 2327 974 2386 et
1033 2321 1107 2386 in
1165 2321 1479 2408 praesenti
1539 2327 1894 2403 recusant3
1955 2321 2151 2401 unde,
2214 2343 2363 2386 cum
2422 2320 2625 2385 iidem
2676 2319 2808 2384 viri
2866 2319 3015 2383 reli-

903 2423 1072 2510 giosi
1134 2423 1390 2489 dictum
1448 2422 1813 2510 hospitium
1890 2428 1958 2488 et
2034 2444 2320 2488 cameras
2378 2423 2607 2488 taliter
2666 2443 2785 2508 per
2840 2422 3015 2508 ipsos

904 2545 1147 2590 vacuas
1230 2525 1640 2601 dimiserunt,
1727 2524 1891 2590 dicti
1968 2523 2289 2611 Magister
2367 2530 2435 2589 ct
2508 2524 2684 2602 socii,
2754 2523 3012 2589 nullum

905 2628 1177 2692 modum
1220 2627 1644 2692 invenientes
1689 2647 1824 2712 quo
1869 2625 2082 2692 dictas
2128 2648 2278 2691 suas
2320 2627 2665 2713 pensiones
2712 2625 3011 2690 obtinere

905 2732 1231 2814 poterant,
1291 2728 1687 2793 institerunt
1754 2750 1953 2814 penes
2036 2728 2323 2793 officium
2406 2727 2659 2793 domini
2742 2725 3013 2794 Cancel-

911 2829 1064 2895 larii
1138 2831 1226 2895 ad
1308 2830 1860 2916 sequestrandum
1916 2830 2092 2896 bona
2156 2831 2487 2897 dictorum
2560 2830 3013 2918 religiosorum

913 2931 1323 2997 Scholarium
1368 2932 1639 2997 dimissa
1681 2933 1756 2996 in
1800 2932 2029 2997 eodem
2086 2932 2248 3010 1000,
2298 2938 2379 2998 ut
2436 2932 2531 2998 eis
2574 2932 2733 2998 inde
2796 2936 3015 3019 posset
3096 2984 3103 2989 .

913 3032 994 3096 de
1041 3032 1467 3118 pensionibus
1511 3033 1640 3098 sibi
1687 3033 1931 3097 debitis
1991 3034 2337 3099 satisfieri:
2388 3055 2587 3122 super
2632 3055 2778 3120 quo,
2819 3039 3015 3119 prout

912 3133 1151 3213 decuit,
1213 3133 1387 3198 idem
1451 3135 1759 3200 dominus
1807 3134 2269 3214 Cancellarius,
2320 3136 2547 3200 volens
2592 3136 2689 3201 eis
2732 3136 2806 3199 in
2850 3156 3015 3222 prae·

911 3235 1128 3299 missis
1177 3234 1466 3320 justitiae
1548 3236 1760 3301 facere
1818 3238 2383 3323 complementum,
2447 3238 2627 3303 dicta
2696 3238 2873 3303 bona
2944 3236 3015 3300 in

910 3337 1142 3402 eodem
1200 3338 1364 3433 loco·
1405 3340 1869 3424 sequestravit,
1928 3338 2289 3404 inhibendo
2348 3361 2433 3403 ne
2486 3340 2636 3425 quis
2694 3339 2820 3405 sub
2870 3360 3014 3404 sen-

909 3438 1126 3503 tentia
1183 3440 1885 3505 excommunicationis
1945 3440 2198 3505 dictum
2259 3446 2668 3528 sequestrum
2716 3440 3014 3519 violaret,

908 3560 1138 3604 verum
1202 3541 1396 3626 quod,
1461 3541 1748 3606 durante
1808 3541 2186 3626 hujusmodi
2245 3548 2599 3628 sequestro,
2645 3565 2687 3605 a
2737 3542 2905 3607 festo
2949 3542 3013 3606 S.

911 3640 1220 3720 Andreae,
1305 3663 1482 3705 anno
1572 3642 1845 3706 Domini
1927 3642 2272 3707 millesimo
2362 3642 3013 3729 quadringentesimo

913 3744 1458 3829 quinquagesimo
1518 3745 1749 3829 prim0,
1796 3766 2003 3830 usque
2066 3745 2153 3809 ad
2210 3745 2454 3811 festum
2502 3744 2571 3809 N
2573 3745 2907 3811 ativitatis
2950 3746 3013 3809 S.

912 3844 960 3909 J
963 3844 1244 3909 ohannis
1307 3844 1648 3930 Baptistae,
1711 3868 1889 3910 anno
1954 3845 2227 3911 Domini
2296 3845 2643 3911 millesimo
2704 3847 3016 3933 quadrin-

450 3952 839 4001 'lhenfflefl'eob
910 3946 1274 4033 gentesimo
1336 3948 1879 4033 quinquagesimo
1940 3947 2244 4027 secundO,
2306 3947 2626 4034 bonisque
2701 3948 2863 4035 ipsis
2920 3948 3016 4011 in-

449 4006 802 4158 ffiffiffmt
911 4048 1310 4132 cipientibus
1371 4052 1745 4134 putrescere
1829 4072 1905 4114 ac
1981 4070 2117 4113 non
2196 4050 2527 4114 modicum
2607 4049 3013 4130 deteriorari,

449 4154 540 4199 tim

673 4107 798 4159 ἣρω
814 4109 867 4151 ⁰¹,
912 4147 1078 4212 dicti
1141 4149 1458 4235 Magister
1517 4152 1586 4214 et
1645 4150 1805 4213 socii
1868 4172 2065 4236 penes
2126 4150 2377 4216 dictum
2438 4150 2781 4216 dominum
2848 4151 3014 4217 Can-

911 4249 1268 4330 cellarium,
1299 4252 1656 4316 secundum
1703 4252 2211 4317 consuetudines
2248 4253 2732 4319 Universitatis
2779 4256 2851 4319 in
2892 4254 3015 4317 hu-

907 4351 1199 4435 jusmodi
1247 4352 1580 4417 observari
1636 4354 1884 4429 solitae,
1937 4353 2329 4419 institerunt
2393 4354 2571 4441 quod
2619 4355 2798 4420 dicta
2842 4354 3015 4419 bona.

911 4456 1309 4515 taxarentur
1381 4474 1496 4536 per
1556 4476 1933 4519 communes
1994 4461 2332 4520 taxatores
2399 4464 2469 4520 et
2520 4458 3015 4543 appreciatoreS,

916 4573 1176 4617 necnon
1225 4554 1305 4618 de
1367 4562 1534 4642 post,
1598 4560 1795 4645 quod,
1855 4561 2373 4646 proclamatione
2430 4561 2586 4625 inde
2645 4561 2841 4641 facta,
2906 4582 3013 4626 ex-

911 4661 1314 4743 ponerentur
1360 4659 1750 4742 venditioni,
1795 4662 1881 4727 ad
1942 4662 2253 4729 effectum
2312 4662 2489 4750 quod
2546 4684 2840 4729 summas
2896 4684 3015 4750 pro
