3466 5635
1094 782 1269 834 Ao'rA
1315 783 1547 835 cunm
1593 780 2066 836 omentum
2493 773 2620 836 699

854 1000 921 1068 A
970 1023 1115 1070 case
1159 1001 1519 1072 &amaad
1562 1004 1643 1090 by
1686 1002 1790 1072 the
1840 1001 2309 1090 omissam.

617 1152 945 1222 Vicesimo
990 1161 1225 1224 octavo
1286 1156 1393 1225 die
1437 1156 1731 1244 ejusdem
1775 1156 2038 1236 mensis,
2082 1159 2452 1246 comparuit
2513 1181 2617 1227 co-
2709 1176 2777 1226 A.
2801 1189 2876 1226 aa.
2899 1181 3018 1228 201.

526 1277 667 1321 ram
740 1257 949 1337 nobis,
1002 1257 1470 1328 Commissario
1532 1261 1890 1341 antedicto,
1934 1260 2011 1325 in
2051 1260 2324 1349 collegio
2388 1263 2616 1330 Beatae
2641 1268 3073 1333 Mar0h28‚1463.

529 1357 763 1426 Mariae
829 1359 1260 1450 Magdalenae,
1323 1362 1697 1429 Willclmus
1762 1362 1972 1448 Lyon,
2039 1363 2123 1429 de
2183 1363 2464 1446 Oxonia,
2530 1366 2620 1432 ad
2641 1357 2977 1468 ”mm
2987 1408 3074 1453 fl,

524 1461 915 1529 instantiam
944 1463 993 1530 J
996 1465 1273 1530 ohannis
1304 1464 1547 1546 Ketell,
1579 1465 1661 1530 de
1692 1464 1944 1546 eadem,
1977 1470 2302 1533 evocatus.
2370 1468 2620 1535 Verum
2641 1420 3074 1554 ffiffimfflffi,

526 1585 667 1643 nos,
740 1565 1045 1633 videntes
1118 1573 1425 1634 neutram
1502 1567 1797 1655 ipsarum
1871 1567 2166 1655 pastium
2241 1569 2620 1638 Scholarem
2677 1559 2968 1662 uffiutffn

525 1687 738 1753 neque
780 1669 1179 1736 servientem
1224 1669 1551 1737 Scholaris
1594 1669 1704 1736 vel
1749 1669 2178 1749 Scholarium‚
2215 1671 2678 1758 judicialiter¹²
2643 1674 2704 1714 ⁸¹³
2721 1712 2828 1756 ther
2842 1661 2960 1755 (ξῗῗὲ
2962 1723 3038 1756 em

525 1771 1117 1856 pronunciavimus
1144 1779 1453 1838 neutram
1482 1773 1779 1860 ipsarum
1805 1772 1998 1838 nobis
2027 1778 2149 1839 aut
2166 1773 2621 1859 jurisdictioni
2641 1761 2978 1858 ξξξὲιῗωῗξο
2976 1814 3001 1857 f

524 1877 771 1938 nostrae
814 1872 1014 1939 fuisse
1076 1878 1146 1939 et
1222 1894 1361 1939 esse
1419 1894 1539 1961 pro
1615 1894 1792 1938 nunc
1867 1873 2128 1940 ratione
2193 1896 2620 1961 personarum
2665 1865 2725 1909 ¹²⁰
2740 1864 3020 1911 ⁰¹¹⁵¹²⁰⁰¹¹⁰²

524 1977 859 2043 subditam
917 1981 985 2042 et
1068 1975 1449 2062 subjectam.
1541 1975 1838 2063 Insuper,
1907 1975 2126 2042 dictus
2214 1977 2622 2060 wilhelmus,

522 2079 612 2144 ad
666 2077 1114 2144 exhibendum
1158 2079 1694 2166 praestandumve
1745 2076 2116 2144 cautionem
2183 2079 2268 2147 (16
2311 2102 2448 2147 non
2483 2087 2618 2149 tra-

522 2184 737 2272 hendo
780 2185 1175 2273 praedictum
1217 2184 1596 2252 «Iohannem
1642 2183 1885 2264 Ketell,
1944 2189 2136 2250 extra
2196 2185 2618 2256 Universita-

522 2291 677 2368 tem,
724 2287 799 2352 in
842 2287 1067 2373 aliqua
1110 2309 1306 2354 causa
1370 2286 1547 2354 infra
1616 2286 2146 2354 Universitatem
2189 2290 2616 2372 terminabili,

521 2412 639 2477 per
720 2395 979 2478 partem
1038 2391 1205 2455 dicti
1276 2389 1324 2456 J
1325 2389 1607 2456 ohannis
1683 2389 1910 2455 Ketell
1982 2389 2357 2476 requisitus,
2415 2393 2616 2458 finem

518 2496 741 2562 litium
785 2497 911 2562 hoc
953 2501 1248 2584 tempore
1292 2498 1609 2564 affectans
1650 2496 1960 2563 omnibus
2004 2497 2378 2564 actionibus
2444 2499 2620 2566 infra

518 2599 691 2666 hanc
766 2599 1295 2668 Universitatem
1372 2599 1919 2679 terminabilibus,
2012 2600 2070 2666 si
2145 2622 2310 2687 quas
2404 2603 2618 2668 dictus

518 2700 911 2768 Wilhelmus
976 2701 1169 2789 Lyon
1229 2701 1548 2768 adversus
1611 2701 1867 2768 dictum
1932 2701 1982 2768 J
1983 2703 2308 2769 ohannem
2376 2704 2619 2772 habeat

521 2805 629 2872 vel
723 2804 1029 2871 habuisse
1102 2809 1402 2893 repertus
1476 2803 1696 2885 fuerit,
1773 2809 2007 2893 sponte
2081 2812 2151 2874 et
2223 2806 2617 2888 voluntarie,

518 2906 953 2987 renunciabit,
1000 2929 1077 2973 ac
1120 2930 1337 2973 coram
1380 2909 1511 2974 alio
1546 2908 1774 2994 judice
1820 2930 2208 2997 quocunque
2273 2932 2614 2999 nunquam

516 3011 909 3097 praedictum
982 3009 1033 3075 J
1034 3010 1359 3077 ohannem
1431 3011 1507 3077 in
1572 3010 1824 3077 talibus
1890 3013 2262 3081 actionibus
2337 3016 2614 3084 vexabit

515 3118 635 3179 aut
679 3113 1176 3201 quomodolibet
1217 3113 1451 3180 vexari
1495 3114 1892 3200 procurabit.

1236 3315 1878 3403 Rmztofahouse.

603 3456 875 3525 Decimo
968 3455 1250 3545 septimo
1324 3456 1433 3523 die
1507 3458 1754 3523 mensis
1829 3458 2008 3537 Maii,
2078 3480 2256 3527 anno
2333 3460 2609 3529 Domini
2701 3477 2773 3531 A.
2794 3494 2870 3531 aa.
2895 3484 3008 3531 202.

511 3560 906 3649 supradictO,
936 3563 1444 3648 comparuerunt
1488 3581 1710 3625 coram
1739 3560 1946 3639 nobis,
1982 3559 2384 3629 Cancellario
2427 3572 2607 3648 nato,
2633 3572 2761 3639 May
2787 3576 2865 3635 17,
2893 3576 3036 3623 1463.

513 3669 778 3735 doctore
807 3667 1061 3754 Watys,
1091 3667 1489 3735 Wilhelmus
1519 3666 1842 3754 Sturvyll,
1873 3674 2258 3755 procurator
2285 3674 2610 3757 generalis

513 3770 823 3859 Magistri
890 3768 939 3835 J
940 3768 1223 3835 ohannis
1302 3767 1674 3857 Fregusson
1739 3773 1810 3835 et
1877 3768 2202 3835 Ricardus
2264 3770 2490 3852 saner,
2536 3782 2608 3843 et

510 3878 668 3944 inde
738 3877 1099 3965 praedictus
1172 3874 1567 3942 Wilhelmus
1638 3875 1856 3963 petiit,
1951 3877 2221 3943 nomine
2286 3880 2610 3947 antedicti

510 3979 834 4067 Magistri,
864 3979 1112 4067 viginti
1156 3999 1276 4044 sex
1304 3978 1546 4044 solidos
1590 3983 1740 4045 octo
1785 3978 2102 4059 denarios,
2132 4002 2253 4067 pro
2295 3983 2610 4069 pensione

507 4084 708 4150 unius
773 4081 934 4149 anni
977 4080 1317 4167 cujusdam
1362 4080 1596 4146 domus
1638 4102 1682 4147 a
1741 4081 2062 4168 praedicto
2125 4082 2409 4150 Ricardo
2455 4107 2607 4152 con-

508 4184 766 4267 ductae3
827 4184 944 4271 qui
1009 4183 1280 4271 quidem
1331 4182 1651 4249 Ricardus
1705 4184 2028 4269 praestitit
2091 4186 2463 4253 cautionem
2525 4190 2608 4256 (16

500 4286 751 4373 judicio
812 4287 962 4354 sisti
1026 4308 1145 4375 per
1206 4286 1554 4373 quemdam
1634 4285 1993 4352 Ricardum
2065 4286 2294 4368 Wade,
2353 4289 2608 4383 obliga-

506 4394 656 4457 tum
717 4390 792 4456 in
836 4412 1095 4457 summa
1161 4388 1605 4477 quadraginta
1676 4388 2056 4472 solidorum,
2118 4390 2236 4476 qui
2289 4389 2607 4460 Ricardus

504 4496 715 4566 Saner
728 4494 755 4535 ¹
841 4547 1382 4565 ......

903 4720 922 4754 ¹
952 4718 2270 4777 TheremainderofthisnrticleisnotintheMS.
