3466 5635
1139 836 1320 886 Aen
1367 837 1603 887 omum
1649 837 2121 887 CANCELLARH.
2548 825 2673 888 595

572 1018 619 1083 J
619 1017 879 1085 ohanne
910 1017 1228 1097 Galdbek,
1260 1018 1452 1084 sociis
1483 1017 1646 1085 dicti
1690 1019 1969 1106 collegii,
2000 1019 2325 1107 Magistro
2370 1019 2417 1085 J
2420 1018 2679 1085 ohanne

572 1119 872 1202 Pereson‚
920 1125 990 1186 et
1035 1119 1290 1186 Thoma
1333 1119 1658 1206 Ascheby,
1707 1121 2039 1188 Scholare.

660 1223 928 1290 Datum
972 1221 1087 1290 die
1131 1229 1194 1289 et
1239 1245 1432 1290 anno
1476 1221 1915 1309 stopo-adflatis.

658 1324 1024 1391 PrObatum
1053 1325 1184 1391 fuit
1218 1346 1506 1412 praesens
1534 1329 2011 1391 testamentum
2041 1347 2259 1392 coram
2302 1325 2495 1392 nobis
2536 1325 2680 1389 Ma·

571 1427 781 1513 gistro
847 1426 1132 1493 Ricardo
1182 1425 1586 1514 Ryngstede,
1638 1449 1838 1493 sacrae
1895 1427 2245 1514 theologiae
2298 1427 2677 1513 professore,

572 1533 642 1592 et
687 1528 995 1615 Magistri
1041 1528 1329 1595 Gilberti
1375 1529 1672 1610 Kemere,
1717 1529 1918 1614 hujus
1960 1529 2153 1595 almae
2204 1530 2681 1596 Universitatis

573 1629 979 1710 Cancellarii,
1028 1631 1487 1698 Comnissario
1546 1631 1857 1718 generali,
1914 1631 2167 1698 decimo
2232 1630 2513 1718 septimo
2572 1631 2681 1698 die

574 1732 817 1797 mensis
878 1732 1146 1820 Aprilis,
1217 1755 1390 1799 anno
1459 1733 1733 1798 Domini
1794 1734 2189 1820 supradictO,
2238 1755 2313 1799 ac
2378 1755 2499 1820 per
2561 1756 2682 1799 nos

573 1834 1032 1921 approbatum,
1071 1836 1498 1914 insumatum‚
1530 1834 1955 1922 legitimeque
1994 1836 2508 1923 pronunciatum
2559 1858 2681 1922 pro

572 1937 797 2002 eodem
822 1961 838 2017 ;
883 1938 1352 2024 commissaque
1383 1943 1484 2004 est
1514 1937 2001 2005 administratio
2032 1939 2329 2003 omnium
2358 1939 2683 2004 bonorum

572 2037 747 2102 idem
793 2043 1269 2106 testamentum
1338 2040 1872 2106 concernentium
1929 2040 2134 2105 Leoni
2198 2039 2434 2125 Scayfe
2480 2039 2681 2104 infia-

573 2141 832 2226 scriptn,
879 2140 952 2206 in
996 2141 1210 2206 forma
1245 2140 1420 2227 juris
1457 2140 1685 2227 jurato
1733 2147 1804 2207 et
1850 2141 2133 2206 admisso
2164 2164 2180 2220 3
2247 2140 2461 2205 dictus
2530 2163 2680 2206 exe-

571 2246 759 2306 cutor
803 2242 1091 2308 fideliter
1135 2243 1551 2330 computavit
1595 2264 1747 2308 cum
1794 2242 2049 2320 effectu,
2080 2247 2151 2307 et
2205 2240 2515 2306 dimissus
2559 2247 2677 2320 est,

572 2343 756 2408 salvo
790 2343 942 2429 jure
986 2345 1450 2431 cujuscunque.

619 2578 746 2644 The
793 2580 923 2647 last
981 2581 1139 2649 With
1182 2581 1330 2648 and
1377 2583 1753 2648 Testament
1774 2580 1876 2669 -of
1914 2579 2199 2648 Thomas
2241 2579 2521 2668 Elkym,
2569 2579 2649 2668 of

1245 2682 1515 2770 Ooeford,
1565 2683 1990 2750 Freemason.

659 2862 704 2925 I
702 2884 756 2927 ἰι
798 2859 930 2927 Dm:
975 2860 1271 2937 nomime,
1316 2861 1560 2927 Amen.
1655 2860 1982 2926 Vicesimo
2049 2883 2225 2927 nono
2287 2862 2395 2928 die
2439 2862 2683 2929 mensis

571 2963 992 3049 Septemb-iae,
1063 2984 1236 3028 anno
1305 2962 1580 3027 Domini
1647 2963 1990 3028 millesimo
2036 2964 2681 3051 quadringentesimo

571 3065 1069 3151 quadragesimo
1114 3085 1308 3142 nono,
1371 3064 1686 3150 regnique
1732 3066 1907 3152 regis
1954 3065 2230 3131 Henrici
2291 3066 2465 3131 sexti
2530 3072 2681 3153 post

570 3171 996 3252 conquestum
1059 3165 1368 3231 vicesimo
1437 3170 1689 3243 octavo,
1755 3166 1915 3251 1390,
1960 3166 2247 3233 Thomas
2291 3166 2555 3255 Elkyns
2601 3168 2681 3235 de

569 3267 848 3345 Oxonia,
914 3276 951 3301 “
972 3266 1432 3345 Freewmson‚'’
1503 3266 1720 3334 condo
1786 3274 2253 3335 teetamntwm
2320 3290 2555 3337 meum
2596 3270 2683 3337 in

571 3368 756 3435 hwnc
799 3367 1086 3435 ‘modum
1101 3394 1126 3449 ;
1176 3375 1214 3404 “
1235 3368 1335 3435 In
1355 3366 1679 3455 primis?
1709 3368 1797 3434 do
1826 3374 1896 3435 et
1940 3370 2086 3456 lego
2130 3371 2419 3435 animam
2464 3393 2679 3437 meam

570 3471 716 3536 Deo
746 3468 1206 3557 omnipotenti,
1233 3470 1636 3537 beatissimae
1665 3469 1931 3557 Virgini
1972 3469 2204 3537 Mariae
2249 3471 2448 3537 matri
2493 3472 2677 3557 Ejus,

569 3576 638 3637 et
667 3570 974 3638 omnibus
1011 3571 1292 3648 Sanctis,
1322 3592 1683 3658 corpusque
1725 3592 1949 3637 meum
1995 3572 2081 3636 ad
2126 3571 2569 3659 sepeliendum
2604 3574 2679 3638 in

569 3674 836 3740 ecclesia
878 3674 1302 3740 conventuali
1346 3672 1626 3738 fratrum
1650 3672 1670 3709 ¹
1719 3674 2317 3759 Augustinensium
2347 3699 2363 3754 ;

657 3776 848 3856 Item,
893 3774 1040 3862 lego
1085 3775 1352 3840 fabricae
1415 3773 1702 3840 ecclesiae
1771 3773 2065 3839 matricis
2112 3775 2473 3843 Lincolniae
2517 3801 2679 3864 qua-

567 3884 724 3943 tuor
765 3876 1083 3943 denarios

655 3981 848 4060 Item,
895 3979 1041 4066 lego
1085 3979 1402 4066 praedicto
1449 3980 1808 4045 conventui
1854 4000 1972 4067 pro
2018 3978 2356 4065 sepultura
2398 4000 2562 4060 mea,
2608 3987 2677 4047 et

568 4104 688 4169 pro
731 4080 1067 4147 laboribus
1113 4080 1249 4145 suis
1309 4082 1382 4146 in
1428 4080 1679 4146 divinis
1725 4080 2033 4160 servitii5‚
2080 4100 2198 4145 sex
2244 4078 2483 4145 solidos
2528 4086 2677 4147 octo

569 4182 884 4248 denarios.

656 4285 848 4363 Item,
891 4284 1040 4370 lego
1086 4285 1298 4350 eidem
1345 4287 1720 4365 conventui,
1753 4286 1841 4350 ad
1889 4306 2111 4351 eorum
2156 4283 2565 4372 pietantiam,
2594 4289 2676 4350 ut

570 4387 698 4473 ipsi
727 4391 919 4452 orent
963 4408 1081 4471 pro
1127 4385 1351 4450 anima
1393 4408 1556 4465 mea,
1590 4392 1726 4452 tres
1770 4386 2015 4453 solidos
2045 4392 2331 4473 quatuor
2358 4388 2673 4454 denarios.

591 4658 652 4785 ιιι
683 4656 862 4708 Sancti
895 4657 939 4709 is
965 4658 1186 4709 inserted
1229 4660 1300 4723 by
1338 4658 1550 4710 mistake
1572 4662 1795 4710 between
1804 4659 2029 4724 fratrum
2053 4660 2151 4711 and
2173 4658 2598 4726 Auyustinensae'um
2620 4659 2673 4710 in

571 4746 590 4787 t
627 4752 656 4787 e
677 4737 788 4788 MS.
