3466 5635
1082 888 1259 939 Aen
1303 889 1538 939 cmuAE
1584 889 2068 941 offlcnnmu.
2501 875 2632 947 ’703

521 1071 807 1156 quodam
852 1092 1059 1158 parvo
1104 1069 1371 1136 cultello
1416 1069 1490 1133 in
1516 1070 1886 1155 quemdam
1972 1119 2444 1152 ......
2452 1071 2472 1111 ¹
2528 1074 2631 1139 fu-
2655 1094 2767 1178 ἢ
2781 1083 3088 1178 ἔξιζὲῗιὲιιῑω

518 1172 707 1257 giens
750 1173 825 1237 in
868 1172 1089 1238 aulam
1136 1180 1169 1207 “
1196 1172 1383 1237 Latse
1428 1170 1696 1257 portae,”
1743 1172 2051 1258 parochia
2080 1173 2395 1240 Omnium
2427 1176 2628 1242 Sanc·
2651 1185 3088 1288 πέπω-

519 1281 741 1338 torum
783 1275 1080 1353 Oxoniae,
1112 1296 1309 1339 causa
1350 1273 1796 1338 immunitatis
1840 1277 2310 1361 consequendae
2354 1277 2624 1360 ibidem,

520 1397 759 1461 —quae
788 1376 1057 1463 quidem
1086 1375 1239 1440 aula
1267 1375 1559 1460 pertinet
1586 1375 1673 1462 ad
1691 1375 1808 1460 jus
1837 1381 1907 1441 et
1933 1379 2404 1463 proprietatem
2448 1379 2622 1445 Hos-

518 1476 745 1561 pitalis
803 1498 916 1542 seu
978 1479 1210 1542 domus
1270 1476 1331 1542 S.
1380 1476 1427 1542 J
1429 1475 1707 1542 ohannis
1752 1477 2080 1563 Baptistae
2126 1485 2317 1545 extra
2359 1485 2619 1566 portam

520 1577 927 1644 Orientalem
974 1578 1251 1644 Oxoniae
1296 1577 1647 1663 praedictae,
1694 1577 1872 1643 unde
1923 1579 2104 1646 dicta
2154 1581 2309 1646 aula
2361 1582 2624 1670 dignos-

518 1679 695 1744 citur
738 1677 978 1746 habere
1014 1680 1129 1766 jus
1176 1678 1573 1744 defendendi
1602 1699 2056 1765 quemcunque
2100 1683 2187 1746 ad
2231 1703 2374 1747 eam
2405 1685 2622 1771 gratia
2695 1707 2702 1712 ·

515 1780 957 1848 immunitatis
975 1780 1447 1866 consequendae
1471 1780 2268 1869 fugientem—Magister
2287 1783 2436 1849 Wal
2444 1791 2622 1852 terus
2651 1807 2725 1851 πο
2739 1807 2781 1850 12
2795 1806 3002 1860 purum

518 1882 658 1960 Hil,
724 1883 1033 1950 australis
1098 1883 1490 1948 Procurator
1557 1881 2040 1948 Universitatis
2103 1883 2380 1951 Oxoniae
2440 1892 2624 1954 ante-
2645 1859 2728 1951 ii?
2743 1858 3024 1952 was?

516 1986 730 2064 dictae,
759 1987 946 2052 velut
990 1985 1369 2071 hujusmodi
1412 1983 1749 2070 privilegii
1793 1985 2255 2062 immunitatiS,
2286 1988 2622 2072 praedictae
2647 1920 2986 2012 ''maban''

517 2089 687 2154 aulae
731 2088 816 2153 ab
862 2087 1141 2173 antiquo
1188 2086 1503 2151 Romanis
1555 2084 1990 2150 Pontificibus
2034 2088 2335 2165 concessi,
2379 2089 2624 2156 inscius

517 2195 587 2256 et
638 2191 925 2278 ignarus,
978 2188 1331 2276 praefatum
1377 2187 1424 2253 J
1426 2187 1754 2253 ohannem
1807 2187 2048 2273 Har-ry,
2096 2189 2253 2254 licet
2312 2190 2624 2270 invitum,

516 2292 1002 2368 reclamantem,
1048 2296 1119 2356 et
1179 2289 1441 2376 publice
1494 2288 1744 2354 ibidem
1806 2295 2288 2376 protestantem
2334 2313 2404 2356 se
2454 2315 2624 2380 prae-

516 2393 711 2458 dictoe
754 2391 1171 2456 immunitati
1212 2389 1385 2456 nolle
1445 2390 2009 2476 qualitercumque
2058 2393 2460 2472 renunciare,
2507 2395 2623 2460 sed

511 2496 717 2559 immo
762 2494 976 2559 eidem
1021 2491 1395 2559 omnimodo
1439 2491 1607 2556 velle
1659 2490 2010 2573 adhaerere,
2056 2493 2142 2558 ab
2191 2493 2419 2559 eadem
2467 2495 2622 2560 aula
2645 2497 2846 2550 (Ῑηέεθᾱ
2860 2497 2986 2542 ‘0²⁶¹‘

2641 2549 2735 2592 and
2751 2547 2977 2601 pheodin

512 2595 587 2660 in
654 2595 988 2683 publicam
1055 2593 1419 2660 custodiam
1494 2591 1941 2658 abstrahendo
2009 2593 2294 2673 induxit,
2368 2601 2616 2682 protes*
2643 2598 3090 2704 Ἢζέξθᾶἆ,

515 2697 722 2762 tando
783 2701 1011 2762 tomen
1072 2716 1391 2782 expresse,
1439 2692 1617 2780 quod
1678 2694 1737 2759 si
1803 2701 2025 2781 posset
2086 2696 2159 2760 in
2226 2703 2473 2763 eventu
2536 2698 2617 2764 de
2645 2751 2696 2794 to
2709 2698 3036 2802 &Qu

514 2797 893 2886 hujusmodi
922 2795 1270 2885 privilegio
1298 2795 1746 2861 immunitatis
1774 2796 2112 2883 praedictae
2141 2797 2268 2863 sibi
2291 2822 2619 2886 apparere,
2644 2799 2950 2895 ffufflffiefflg,

512 2900 639 2988 [et]
690 2901 960 2986 aliquod
1002 2900 1319 2965 damnum
1340 2898 1693 2987 ‘corporale
1739 2899 2073 2965 occasione
2119 2899 2315 2966 dictae
2359 2923 2622 2988 percus·
2646 2901 2846 2955 ‘¹⁸¹¹ssffl

512 3004 718 3068 sionis
777 3003 955 3068 dicto
1012 2998 1061 3067 J
1062 3000 1310 3067 ohanni
1361 3020 1548 3086 posse
1592 3000 2046 3066 verisimiliter
2094 3002 2488 3089 contingere,
2537 3024 2621 3069 ex

514 3109 693 3185 tunc,
725 3124 925 3191 quam
970 3103 1105 3169 cito
1148 3102 1487 3168 commode
1531 3106 1770 3189 posset,
1807 3103 2091 3167 eundem
2127 3103 2174 3168 J
2175 3104 2504 3170 ohannem
2534 3103 2623 3169 ad

512 3206 898 3293 praedictam
942 3206 1163 3270 aulam
1208 3204 1541 3270 occasione
1585 3203 1926 3291 praemissa
1969 3204 2427 3286 reinduceret3
2471 3228 2624 3272 con-

512 3315 863 3393 sequenter
935 3329 1154 3373 coram
1210 3305 1675 3372 Commissario
1739 3304 2220 3371 Universitatis
2284 3308 2622 3393 praedictae
2647 3322 2754 3373 and.
2769 3322 2810 3365 st
2823 3322 2962 3375 being

2757 3374 2818 3417 cd
2831 3373 2936 3415 that
2946 3372 3028 3416 the

513 3410 692 3475 facta
732 3411 864 3475 fide
909 3410 1087 3495 quod
1130 3407 1510 3493 hujusmodi
1563 3406 1892 3494 percussio
1952 3407 2288 3473 antedicta
2345 3426 2484 3473 non
2535 3410 2622 3474 ad
2647 3386 2817 3467 ῗνῗὲιιᾱ
2831 3422 3043 3485 sumptos

514 3517 799 3578 mortem
856 3532 979 3577 nec
1036 3508 1312 3595 alicujus
1370 3507 1653 3573 membri
1722 3508 2212 3573 mutilationem
2279 3508 2446 3573 dicti
2509 3530 2623 3595 par-
2644 3475 2840 3617 Ξιιέξὲἒ
2850 3485 3048 3625 &iii

2930 3624 2961 3666 h

513 3613 748 3680 tientis
790 3612 1085 3690 tendenS,
1131 3611 1337 3676 immo
1384 3608 1563 3695 quod
1620 3608 1789 3673 levis
1847 3618 1918 3673 et
1968 3608 2227 3675 modica
2278 3610 2616 3691 extiterat,
2646 3626 2806 3676 aurety
2821 3625 2893 3667 ror
2907 3626 2930 3666 t
2961 3635 2990 3667 ο

515 3715 800 3780 Thomas
828 3712 1133 3797 Taylour,
1164 3712 1401 3798 paroch
1409 3712 1493 3778 iae
1534 3709 1882 3797 praedictae,
1921 3731 2044 3795 pro
2090 3710 2270 3777 dicto
2311 3712 2620 3778 Johanne
2645 3674 3025 3777 fflfiggfm

514 3815 858 3901 fidejussit,
900 3820 1167 3880 tantum
1214 3820 1294 3878 ut
1337 3812 1513 3877 infra
1556 3811 1872 3897 sequitur,
1919 3811 2250 3892 videlicet,
2291 3812 2374 3877 de
2427 3814 2621 3879 satis-

514 3916 815 3983 faciendo
845 3915 1293 3981 Universitati
1334 3913 1671 4001 praedictae
1724 3914 1950 3979 decem
2002 3912 2228 3978 solidis
2274 3936 2395 4001 pro
2444 3915 2622 3981 dicta

514 4017 949 4106 percussione,
997 4016 1246 4082 scilicet
1288 4016 1362 4079 in
1390 4014 1559 4081 festo
1611 4014 1882 4080 Natalis
1914 4014 2188 4080 Domini
2231 4019 2302 4081 et
2347 4016 2622 4083 Paschae

516 4142 633 4207 per
676 4119 959 4205 aequales
1002 4118 1338 4205 portiones
1367 4141 1382 4183 ι
2253 4196 2266 4209 ⁸

608 4219 799 4299 Item,
846 4220 1025 4307 quod
1069 4220 1288 4285 dictus
1331 4219 1378 4284 J
1381 4220 1670 4285 ohannes
1731 4218 1961 4305 Harry
2011 4219 2244 4286 reddet
2302 4240 2372 4285 se
2431 4240 2620 4307 para-
2646 4235 2742 4280 and
2757 4236 2862 4281 that
2875 4237 2959 4283 tho

514 4328 661 4389 tum
706 4323 793 4388 ad
832 4321 1364 4407 respondendum
1394 4321 1657 4387 cuidam
1690 4318 2033 4403 Groftone,
2073 4320 2258 4387 abias
2287 4322 2618 4403 Oroanna,
2645 4288 3079 4430 Wfflwer

512 4425 788 4503 scissori,
834 4423 1113 4489 Oxoniae
1166 4423 1517 4509 praedictae,
1578 4420 1936 4488 secundum
1977 4423 2150 4508 juris
2196 4423 2621 4511 exigentiam,
2646 4390 2992 4494 onssbhssme

515 4528 591 4592 in
642 4526 951 4592 omnibus
995 4525 1368 4591 actionibus
1411 4524 1548 4591 suis
1590 4545 1938 4611 personam
1993 4529 2062 4589 et
2111 4546 2214 4591 res
2267 4548 2418 4591 suas
2469 4548 2624 4593 con-

1200 4786 1852 4839 ¹Hereisablankinthe
1885 4785 1996 4837 MS.
