3466 5635
866 844 997 907 412
1194 859 1383 909 melu
1428 856 1891 909 cauonman
1935 859 2020 909 m·
2065 856 2639 910 saccumromm.

862 1034 1193 1121 praedictae
1219 1035 1561 1104 facultatis
1591 1058 1726 1103 non
1754 1038 2078 1103 mediocre
2106 1037 2598 1117 detrimentum,
2625 1042 2961 1103 stamma

860 1145 969 1217 eet,
1015 1158 1135 1225 per
1176 1140 1747 1227 congregationem
1779 1140 2254 1227 Magistrorum
2297 1141 2670 1227 regentium
2699 1144 2772 1206 et
2797 1160 2960 1205 non·

861 1241 1247 1327 regentium,
1280 1241 1472 1327 quod,
1504 1242 1770 1328 quando
1801 1242 2008 1328 aliqui
2037 1240 2394 1307 Bachilarii
2439 1242 2730 1329 ejusdem
2758 1242 2963 1307 facul-

860 1342 1022 1408 tatis
1066 1343 1153 1409 ad
1197 1344 1670 1431 disputandum
1722 1350 1842 1411 aut
1883 1343 2411 1433 respondendum
2475 1345 2655 1431 apud
2701 1346 2960 1433 Augus-

858 1445 1147 1513 tinenses
1192 1468 1308 1535 per
1351 1448 1689 1514 collatores
1732 1449 1821 1513 ad
1863 1446 1987 1513 hoc
2031 1449 2380 1535 deputatos
2420 1447 2718 1535 legitime
2746 1447 2960 1535 requi-

858 1546 975 1613 siti
1040 1546 1403 1615 limitative
1462 1550 1730 1631 fuerint,
1801 1551 1858 1616 si
1925 1551 2108 1617 intra
2151 1572 2222 1616 se
2266 1550 2440 1615 insta
2481 1550 2782 1633 triduum
2823 1571 2959 1616 non

848 1651 1271 1745 concordent,
1334 1658 1497 1719 tunc
1571 1654 1790 1721 senior
1857 1653 2287 1735 Bachilarius,
2354 1673 2490 1721 non
2563 1658 2767 1721 aetate
2841 1652 2957 1721 sed

859 1754 1087 1841 gradu,
1116 1756 1233 1841 qui
1276 1756 1457 1843 prius
1503 1755 1755 1823 scilicet
1801 1760 2239 1845 praesentatus
2283 1752 2487 1821 fuerit
2518 1759 2588 1822 et
2615 1755 2957 1831 admissus

858 1856 1265 1942 respondere,
1301 1859 1532 1943 junior
1560 1880 1718 1925 vero
1766 1880 2093 1945 opponere
2136 1863 2259 1925 aut
2303 1858 2654 1945 disputare,
2685 1857 2958 1925 minime

858 1960 1205 2024 recusabit.

946 2139 1232 2207 Proviso
1277 2148 1522 2220 tamen,
1592 2141 1770 2228 quod
1813 2141 1866 2205 si
1915 2141 2179 2206 illorum
2224 2141 2744 2207 Bachilariorum
2788 2140 2956 2208 alter

662 2227 689 2259 ⁹
706 2176 739 2208 n
766 2288 783 2299 .
857 2241 1110 2307 domini
1156 2244 1432 2331 alicujus
1496 2244 1713 2310 locum
1779 2243 1854 2307 in
1900 2243 2348 2309 Parliamento
2409 2242 2715 2309 habentis
2758 2244 2955 2320 filine,

682 2328 753 2361 ¹²⁸⁶
856 2365 972 2409 seu
1038 2345 1209 2411 alius
1254 2347 1603 2433 quisquam
1665 2345 1754 2411 ad
1798 2344 2090 2411 valorem
2136 2346 2578 2435 quadraginta
2633 2346 2952 2413 librarum

854 2446 1282 2514 beneficiatus
1326 2446 1544 2529 fuerit,
1590 2454 1753 2515 tunc
1799 2448 2137 2537 disputare
2189 2449 2302 2515 vel
2359 2449 2748 2537 respondere
2790 2449 2951 2515 libe-

854 2572 996 2616 ram
1039 2549 1281 2617 habeat
1325 2550 1676 2639 optionem.
1772 2550 1878 2617 Ne
1923 2555 2146 2617 autem
2190 2550 2581 2639 praedictum
2621 2556 2952 2619 statutum

854 2650 1079 2719 debito
1124 2652 1256 2719 fine
1302 2650 1605 2722 frustrari
1635 2654 1963 2732 videatur,
2023 2656 2096 2719 in
2139 2652 2369 2719 eadem
2426 2652 2950 2741 Congregatione

856 2750 1267 2822 ordv'matum
1312 2762 1421 2832 eet,
1468 2754 1646 2842 quod
1713 2754 1774 2823 si
1833 2754 2079 2822 artium
2127 2754 2538 2822 Bachilarius
2603 2756 2947 2847 quispiam,

770 2888 797 2919 ι·
856 2862 934 2922 ut
979 2855 1429 2945 praemittitur,
1488 2857 1848 2945 requisitus
1891 2859 2001 2925 vel
2042 2859 2389 2940 limitatae,
2438 2859 2774 2945 disputare
2831 2865 2950 2926 aut

853 2961 1241 3048 respondere
1284 2962 1641 3027 secundum
1685 2961 2073 3051 praedictam
2117 2961 2396 3027 formam
2440 2962 2856 3040 recusaverit,
2891 2963 2950 3027 si

855 3083 971 3150 per
1014 3064 1180 3128 anni.
1216 3065 1641 3131 medietatem
1670 3065 2149 3152 praecedentem
2193 3083 2315 3130 nec
2359 3063 2803 3152 disputaverit
2830 3085 2950 3130 nec

852 3165 1280 3252 responderit,
1334 3189 1411 3234 ec
1456 3167 1600 3255 ipsc
1643 3187 1768 3233 nec
1817 3165 2078 3232 auditio
2121 3185 2242 3232 nec
2284 3165 2542 3233 lectura
2599 3185 2721 3233 nec
2761 3173 2946 3234 actus

852 3267 1075 3353 quivis
1118 3267 1289 3334 alius
1331 3269 1756 3336 scholasticus
1819 3268 1893 3334 in
1954 3269 2182 3334 eadem
2248 3269 2571 3335 facultate
2633 3289 2711 3336 ec
2773 3289 2948 3335 anno

850 3369 1229 3456 hujusmodi
1272 3371 1751 3438 recusationem
1799 3371 2206 3458 praecedente
2251 3369 2324 3436 in
2368 3393 2500 3457 quo
2544 3375 2733 3438 actus
2763 3391 2946 3438 exer-

850 3473 1061 3540 cuerit
1126 3473 1561 3556 scholasticos,
1604 3495 1725 3541 nec
1785 3493 1906 3562 pro
1969 3474 2276 3561 sequenti
2341 3495 2515 3540 anno
2582 3495 2715 3562 quc
2781 3475 2946 3540 tales

848 3577 1142 3644 facturus
1184 3583 1288 3642 est
1330 3583 1535 3654 actus,
1598 3577 1727 3644 sibi
1773 3577 2011 3670 quovis
2063 3577 2260 3642 modo
2313 3577 2504 3643 cedat
2552 3597 2675 3664 pro
2721 3573 2944 3643 forma.

936 3768 1252 3855 Impar,
1343 3774 1423 3833 ut
1500 3767 1884 3854 quaestionis
1959 3770 2076 3831 aut
2156 3765 2581 3853 problematis
2667 3765 2946 3832 materia

847 3869 1095 3936 ibidem
1181 3870 1585 3958 disputanda
1656 3869 1894 3935 melius
1969 3871 2398 3954 cognoscatur
2469 3887 2548 3932 ac
2619 3868 2946 3933 maturius

690 3996 719 4028 ο
846 3973 1312 4061 proevideatur‚
1342 3972 1465 4039 sub
1495 3976 1874 4060 praetaxata
1901 3992 2104 4058 poena
2132 3968 2548 4036 ‹re-&mamma
2575 3975 2684 4050 est,
2716 3991 2940 4056 quem—

846 4071 1011 4140 libet
1056 4073 1255 4142 dictae
1296 4073 1635 4142 facultatis
1695 4073 2144 4140 Bachilarium
2196 4072 2375 4159 apud
2424 4071 2946 4160 Augustinenses

847 4173 1342 4264 disputaturum
1374 4177 1709 4265 problema
1739 4199 1932 4244 suum
1963 4175 2104 4242 sive
2129 4175 2578 4262 quaestionem,
2599 4175 2804 4242 tertio
2839 4176 2948 4242 die

848 4284 1005 4344 ante
1027 4277 1559 4366 disputationem,
1570 4279 1687 4346 'vel
1714 4279 1917 4370 priuS,
1938 4299 2056 4366 per
2076 4277 2418 4343 Bedellum
2445 4297 2584 4343 suae
2611 4275 2945 4344 facultatis

846 4381 919 4447 in
948 4379 1183 4448 scholis
1212 4383 1677 4470 Magistrorum
1706 4382 1966 4471 publice
1995 4380 2202 4448 facere
2230 4379 2365 4468 legi
2393 4383 2514 4446 aut
2543 4377 2946 4468 proclamari,

848 4483 952 4549 uti
1024 4485 1373 4550 transactis
1438 4483 1848 4574 temporibus
1913 4483 2131 4548 fuerat
2196 4485 2603 4548 consuetum.
2697 4481 2791 4546 Et
2858 4482 2947 4547 ad

846 4585 1048 4653 istam
1093 4585 1577 4654 ordinationem
1622 4585 2098 4653 observandam
2144 4583 2431 4671 quilibet
2491 4584 2944 4650 admittendus

846 4691 933 4756 ad
976 4692 1293 4756 lecturam
1322 4689 1595 4774 alicujus
1644 4688 1800 4754 libri
1845 4685 2181 4752 facultatis
2208 4687 2452 4752 artium
2489 4706 2703 4751 coram
2733 4686 2942 4752 altero

848 4793 1355 4860 Procuratorum
1388 4792 1846 4879 juramentum
1890 4793 2161 4877 praestet
2205 4787 2551 4875 corporale.
