3466 5635
975 803 1106 876 778
1798 818 2155 869 APPENDIX
2192 819 2257 868 υ.

1063 1009 1481 1098 Inspeximus
1541 1009 1768 1076 literas
1830 1013 2135 1098 patentes
2202 1009 2455 1075 dudum
2518 1010 2842 1076 confectas
2887 1009 3069 1096 apud

979 1111 1372 1180 Wodestoke
1415 1113 1490 1178 in
1531 1099 1867 1200 presentia
1909 1116 2405 1200 procuratorum
2452 1111 2861 1178 Scholarium
2893 1111 3068 1178 Uni-

972 1217 1312 1283 versitatis
1356 1215 1636 1283 Oxoniae
1680 1219 1751 1282 et
1794 1215 2223 1304 burgensium
2282 1216 2573 1303 ejusdem
2633 1215 2814 1282 vfflae
2874 1237 3069 1304 super

970 1320 1361 1408 quibusdam
1390 1318 1812 1386 libertatibus
1856 1320 2148 1408 praefatis
2176 1319 2594 1388 Scholaribus
2634 1320 2950 1385 concessis
2992 1320 3065 1384 in

969 1423 1109 1491 haec
1139 1423 1342 1489 verba
1369 1423 1679 1494 t-Anno
1705 1423 1898 1512 regni
1926 1423 2101 1512 regis
2129 1423 2423 1501 Henrici,
2454 1422 2580 1487 filii
2610 1421 2783 1509 regis
2812 1421 3063 1502 Johan-

968 1527 1094 1608 nis,
1123 1526 1455 1593 tricesimo
1498 1525 1799 1606 secund0,
1844 1525 2157 1592 vicesimo
2199 1547 2375 1592 nono
2420 1525 2528 1591 die
2558 1525 2740 1602 Maii,
2782 1545 3065 1611 praesen-

968 1629 1149 1695 tibus
1192 1629 1368 1719 apud
1412 1627 1813 1695 Wodestoke
1864 1633 2006 1694 tam
2064 1628 2594 1716 procuratoribus
2654 1627 3063 1694 Scholarium

971 1731 1446 1798 Universitatis
1489 1753 1689 1817 quam
1732 1732 2169 1819 burgensibus
2212 1730 2511 1812 Oxoniae,
2553 1731 2728 1798 idem
2758 1729 3061 1796 dominus

969 1855 1088 1900 rex
1131 1834 1450 1900 concessit
1494 1835 1741 1900 eisdem
1786 1833 2207 1900 Scholaribus
2250 1834 2593 1899 libertates
2642 1831 3061 1920 subscriptas,

968 1933 1291 2015 videlicet,
1321 1938 1494 2023 quod
1525 1938 1582 2002 si
1611 1936 1937 2004 inferatur
1978 1937 2223 2022 injuria
2264 1935 2599 2024 praedictis
2640 1933 3063 2008 Scholaribus

965 2038 1089 2105 fiat
1131 2039 1285 2104 inde
1329 2039 1672 2127 inquisitio
1717 2044 1857 2105 tam
1903 2061 2020 2126 per
2062 2039 2329 2104 villatas
2372 2037 2625 2103 vicinas
2686 2057 2887 2120 quam
2942 2058 3060 2123 per

965 2141 1323 2228 burgenses
1383 2143 1750 2229 praedictos,
1798 2147 1867 2208 et
1910 2142 2103 2227 quod,
2150 2142 2207 2206 si
2258 2140 2384 2228 ipsi
2441 2139 2799 2226 burgenses
2854 2140 3061 2204 inter-

965 2244 1200 2310 ficiant
1242 2243 1529 2332 aliquem
1575 2245 1658 2310 de
1706 2244 2123 2310 Scholaribus
2154 2243 2449 2322 Oxoniae‚
2494 2243 2603 2308 vel
2656 2242 2729 2307 in
2770 2242 3055 2328 aliquem

964 2349 1256 2436 ipsorum
1286 2347 1606 2412 insultum
1634 2347 1899 2425 faciant,
1930 2348 2039 2412 vel
2064 2346 2264 2413 alicui
2307 2367 2532 2415 eorum
2576 2367 2847 2432 gravem
2886 2344 3059 2428 inju-

963 2449 1132 2515 riam
1175 2449 1484 2530 inferant,
1517 2449 1949 2515 communitas
1994 2449 2050 2534 ej
2058 2449 2284 2514 usdem
2328 2449 2508 2514 vfflae
2551 2469 2668 2534 per
2710 2469 2781 2512 se
2824 2449 3059 2534 punia—

963 2557 1078 2617 tur
1121 2556 1190 2617 et
1234 2552 1638 2630 amercietur‚
1683 2555 1754 2618 et
1814 2551 2043 2616 ballivi
2102 2572 2220 2639 per
2272 2571 2340 2615 se
2386 2557 2457 2615 et
2498 2571 2635 2616 non
2684 2571 2835 2615 cum
2886 2571 3059 2615 com-

965 2653 1292 2718 munitate
1321 2654 1550 2719 eadem
1577 2652 2039 2741 punianturoet
2066 2653 2518 2732 amercientur‚
2550 2652 2606 2718 si
2646 2652 3057 2740 negligentes

963 2755 1212 2821 fuerint
1253 2755 1362 2821 vel
1406 2755 1631 2822 dolum
1675 2755 1950 2823 fecerint
1992 2757 2064 2821 in
2108 2755 2490 2842 exequendo
2536 2754 2819 2822 officium
2862 2777 3051 2822 suum

961 2863 1193 2924 contra
1219 2857 1366 2924 illos
1395 2860 1511 2945 qui
1547 2860 1923 2946 hujusmodi
1962 2859 2235 2945 injurias
2275 2858 2610 2947 praedictis
2638 2859 3055 2925 Scholaribus

959 2960 1299 3041 inferunt3
1346 2966 1415 3026 et
1444 2962 1619 3047 quod
1647 2962 1696 3027 J
1697 2961 1873 3027 udaei
1905 2962 2183 3028 Oxoniae
2228 2983 2364 3027 non
2406 2962 2726 3049 recipiant
2770 2984 2813 3027 a
2856 2962 3053 3029 Scho-

959 3062 1208 3129 laribus
1281 3064 1614 3149 praedictis
1674 3085 1794 3150 pro
1856 3064 2030 3129 libra
2103 3064 2175 3128 in
2248 3064 2615 3151 septimana
2686 3064 2817 3130 nisi
2892 3065 3053 3131 duos

960 3165 1279 3243 denarios,
1323 3170 1395 3231 et
1438 3165 1743 3231 similiter
1784 3166 1905 3232 fiat
1955 3167 2029 3231 in
2080 3166 2321 3233 minori
2380 3188 2636 3233 summa
2694 3169 3049 3235 secundum

959 3288 1144 3333 suam
1191 3268 1652 3354 quantitatem,
1699 3267 1995 3354 alioquin
2055 3268 2357 3356 praedicti
2409 3268 2455 3333 J
2458 3269 2634 3335 udaei
2692 3270 3051 3355 puniantur

957 3370 1314 3437 secundum
1376 3370 1911 3437 constitutionem
1954 3372 2159 3458 regni,
2208 3375 2277 3437 et
2320 3370 2497 3458 quod
2540 3373 3049 3459 quotiescunque

955 3477 1027 3537 et
1085 3473 1607 3559 quandocunque
1655 3472 1872 3559 Major
1924 3477 2001 3538 et
2058 3472 2287 3538 ballivi
2350 3472 2628 3540 Oxoniae
2686 3496 3049 3540 sacramen-

957 3579 1103 3639 tum
1169 3574 1512 3641 fidelitatis
1558 3596 1695 3641 suae
1739 3576 2155 3661 praestabunt
2197 3576 2270 3639 in
2292 3562 2295 3566 ⁵
2321 3575 2462 3641 loco
2521 3597 2641 3642 suo
2702 3578 3047 3653 communi,

958 3676 1395 3742 communitas
1459 3676 1755 3763 ejusdem
1820 3677 1999 3743 villae
2055 3678 2409 3743 denunciet
2485 3677 2906 3757 Cancellario‚
2972 3684 3049 3743 ut

955 3799 1074 3864 per
1138 3799 1206 3843 se
1270 3777 1377 3843 vel
1453 3800 1572 3865 per
1629 3778 1887 3865 aliquas
1963 3779 2203 3847 electas
2260 3802 2567 3866 personas
2636 3782 3045 3867 praestationi

944 3881 1305 3963 juramenti
1352 3880 1671 3967 praedicti,
1713 3880 1772 3946 'si
1816 3882 2119 3955 voluerit,
2178 3884 2483 3949 intersit:
2544 3884 2720 3969 quod
2783 3883 3045 3971 quidem

943 3982 1394 4068 juramentum
1441 3984 1572 4048 tale
1615 3983 1745 4049 erit
1790 3984 2006 4070 quoad
2060 3984 2396 4051 Scholares
2456 3986 2819 4073 praedictos,
2867 3985 3047 4053 vide-

833 4110 842 4119 ·
953 4085 1120 4163 licet,
1153 4086 1328 4172 quod
1371 4084 1498 4172 ipsi
1544 4086 1760 4172 Major
1803 4094 1873 4152 et
1914 4086 2145 4152 ballivi
2188 4084 2667 4153 conservabunt
2710 4087 3046 4155 libertates

950 4195 1022 4253 et
1083 4187 1590 4253 consuetudines
1638 4188 2114 4254 Universitatis
2173 4190 2524 4276 praedictae,
2572 4190 2870 4275 alioquin
2912 4212 3043 4256 non

953 4290 1170 4355 valeat
1216 4290 1671 4375 juramentum
1731 4291 2039 4376 ipsorum,
2088 4292 2200 4356 sed
2245 4292 2487 4357 iterum
2548 4298 2901 4379 praestetur
2949 4316 3042 4358 se-

951 4392 1238 4459 cundum
1279 4392 1556 4457 formam
1599 4394 2061 4480 praescriptam.
2156 4394 2231 4459 Si
2262 4390 2419 4461 vero
2454 4395 2903 4462 Cancellarius
2932 4418 3047 4462 nec

951 4517 1068 4585 per
1131 4516 1200 4558 se
1263 4514 1385 4561 nec
1449 4517 1566 4583 per
1630 4502 2118 4583 procuratorem
2193 4499 2508 4565 interesse
2582 4501 2890 4579 voluerit,
2961 4502 3045 4565 ad

940 4598 1394 4682 juramentum
1456 4598 1885 4663 nihilominus
1945 4601 2351 4685 procedatur,
2397 4608 2465 4667 et
2523 4604 2695 4688 quod
2752 4605 2885 4669 duo
2930 4604 3045 4671 Al-

951 4698 1250 4765 dermani
1295 4699 1431 4765 sint
1475 4701 1664 4767 electi
1713 4706 1785 4767 et
1822 4701 2121 4789 deputati
2164 4704 2245 4769 de
2282 4703 2416 4769 illis
2447 4708 2561 4793 qui
2605 4729 2722 4793 pro
2754 4712 3045 4793 tempore
