3466 5635
1138 829 1314 882 Aen
1358 827 1594 882 cunm
1640 825 2116 882 omentum.
2539 809 2671 884 677

671 1019 877 1099 Idem,
935 1019 1201 1087 nomine
1255 1019 1564 1108 Magistri
1622 1018 1893 1088 Thomae
1953 1017 2098 1099 Lee,
2141 1038 2259 1106 pro
2303 1015 2458 1082 aula
2499 1015 2676 1082 Alba

570 1122 773 1210 juxta.
817 1123 1107 1212 Estgate.

670 1226 875 1310 Idem,
951 1226 1217 1294 nomine
1293 1225 1603 1314 Magistri
1677 1225 1986 1314 Hugonis
2045 1223 2266 1305 Grace,
2328 1245 2447 1313 pro
2523 1222 2677 1290 aula

581 1329 885 1418 Hugonis
927 1331 1043 1396 ibi.

671 1434 989 1522 Magister
1062 1431 1393 1500 Robertus
1468 1433 1813 1521 Kaynelle‚
1891 1433 2156 1502 nomine
2215 1431 2498 1523 propri0‚
2556 1453 2674 1521 pro

580 1545 616 1574 “
640 1537 1108 1606 Soler-Halle.’'

670 1641 877 1724 Idem,
923 1641 1188 1709 nomine
1232 1639 1519 1709 doctoris
1559 1640 1902 1729 Chipmzm,
1949 1663 2068 1730 pro
2117 1647 2155 1680 “
2173 1637 2681 1709 Henxi-Halless’

670 1746 988 1834 Magister
1030 1745 1361 1811 Robertus
1406 1745 1788 1825 Passelowe,
1834 1745 2100 1812 nomine
2145 1744 2430 1812 doctoris
2490 1743 2680 1812 Lich-

577 1849 727 1932 feld,
771 1872 893 1939 pro
936 1855 975 1888 ‘⁸
990 1846 1061 1916 N
1062 1847 1496 1916 evel’s-inne.’'

672 1954 877 2033 Idem,
923 1975 1040 2042 pro
1085 1953 1335 2034 eodem,
1378 1974 1497 2039 pro
1541 1954 1801 2040 magnis
1843 1949 2082 2020 scholis
2113 1953 2288 2040 juris
2331 1952 2559 2020 civilis.

672 2053 991 2146 Magister
1036 2057 1367 2122 Robertus
1414 2055 1835 2142 Bugmowth,
1893 2057 2160 2123 nomine
2213 2057 2522 2144 Magistri
2575 2051 2678 2123 W.

583 2157 891 2248 Rumsey,
937 2182 1057 2250 pro
1106 2168 1139 2195 “
1164 2157 1700 2226 Comer-Halle.''

672 2265 877 2344 Idem,
943 2264 1209 2330 nomine
1282 2262 1563 2350 propri0,
1640 2285 1759 2351 pro
1833 2263 2024 2330 horto
2098 2284 2376 2345 annexo,
2446 2269 2680 2330 vocato

585 2377 621 2408 “
646 2367 1070 2456 Christopher
1114 2365 1366 2433 Helle?

672 2471 876 2553 Idem,
944 2471 1212 2538 nomine
1279 2469 1563 2536 doctoris
1629 2468 1898 2537 Thomae
1959 2469 2278 2558 Thrulby,
2341 2491 2462 2560 pro
2528 2469 2682 2537 aula

583 2571 861 2644 Urbani.
2735 2565 2740 2571 ’

673 2677 877 2762 Idem,
954 2676 1221 2746 nomine
1312 2675 1619 2766 Magistri
1706 2675 1756 2743 J
1758 2675 2036 2745 ohannis
2125 2675 2476 2766 Wymark‚
2565 2699 2682 2768 pro

588 2776 901 2873 “OolsyL
904 2782 1161 2850 Halless’

672 2889 877 2969 Idem,
920 2888 1189 2954 nomine
1250 2884 1564 2975 Magistri
1621 2883 1950 2954 Johannis
2009 2886 2250 2976 Thorp,
2311 2908 2432 2977 pro
2491 2884 2685 2954 horto

582 3010 842 3060 annexo
888 2988 1117 3059 eidem.

672 3097 991 3185 Magister
1032 3095 1080 3161 J
1083 3094 1373 3161 ohannes
1424 3093 1626 3183 Selly,
1683 3097 1952 3164 nomine
2013 3094 2302 3183 doctoris
2360 3094 2520 3179 Fox,
2569 3116 2686 3183 pro

582 3202 735 3268 aula
780 3196 1132 3267 Profunda.

672 3303 993 3393 Magister
1026 3296 1422 3368 wilhelmus
1452 3300 1725 3382 Greene,
1754 3302 2022 3370 nomine
2061 3300 2372 3390 Magistri
2409 3300 2688 3369 Hem-ici

584 3408 806 3486 Gelh’s,
850 3428 970 3495 pro
1016 3413 1053 3443 “
1078 3404 1598 3493 &apul-Helle?

671 3510 988 3599 Magister
1060 3508 1345 3574 Thomas
1418 3507 1790 3596 Bemysley,
1868 3508 2134 3575 nomine
2207 3508 2491 3597 proprie,
2570 3531 2689 3598 pro

582 3622 619 3653 “
640 3614 1023 3703 Hemptone
1053 3610 1310 3678 Helle?

670 3719 985 3809 Magister
1013 3715 1059 3781 J
1063 3714 1353 3782 ohannes
1373 3714 1665 3807 Thryng‚
1694 3714 1962 3783 nomine
1993 3715 2274 3805 proprio,
2311 3734 2430 3805 pro
2474 3722 2514 3753 “
2535 3714 2686 3782 Mil-

576 3830 739 3897 dred
769 3822 1021 3893 Helle?

667 3933 873 4012 Idem,
920 3931 1185 3997 nomine
1230 3925 1335 3993 W.
1378 3923 1683 4005 Ashford,
1729 3946 1847 4011 pro
1895 3932 1931 3959 “
1961 3920 2424 4011 Pury-Halle.’'

668 4037 873 4112 Idem,
940 4034 1209 4100 nomine
1278 4028 1565 4096 doctoris
1631 4028 1902 4095 Thomae
1971 4025 2242 4113 Hendy,
2312 4048 2431 4116 pro
2493 4024 2690 4095 horto

582 4164 666 4210 ex
712 4145 899 4229 parte
945 4137 1196 4205 boreali
1240 4134 1409 4201 aulae
1452 4132 1806 4223 praedictae.

669 4244 992 4333 Magister
1066 4241 1171 4309 W.
1246 4238 1613 4324 Benysone,
1690 4234 1960 4302 nomine
2035 4234 2344 4323 Magistri
2421 4232 2692 4305 Ricarffi

580 4348 784 4427 Luke,
828 4368 947 4436 pro
995 4351 1031 4381 “
1048 4342 1583 4428 Burnelle—ynne.
1584 4338 1620 4364 ''

664 4453 916 4519 Doctor
960 4448 1008 4516 J
1010 4448 1303 4515 ohannes
1348 4445 1687 4531 Talwyne
1726 4442 1995 4511 nomine
2038 4442 2349 4531 Magistri
2383 4440 2694 4511 Nieholai

760 4576 939 4643 ,pro
982 4552 1138 4619 aula
1182 4550 1246 4617 S.
1292 4548 1340 4616 J
1344 4548 1639 4614 ohannis

666 4658 989 4747 Magister
1062 4654 1167 4723 W.
1229 4630 1540 4741 Dayfoot,
1617 4624 1888 4721 nomine
1932 4651 2214 4743 proprio,
2281 4660 2476 4743 pro‘
2475 4650 2696 4723 Pe-'k

578 4763 801 4833 water'
804 4786 835 4829 s
840 4760 1092 4851 -ss’ynne
