3466 5635
473 1183 542 1236 A.
567 1187 648 1236 31.

341 1453 549 1500 Another
563 1454 682 1496 form
696 1454 748 1497 ot

341 1505 502 1548 letters
520 1503 725 1548 testimo-

341 1555 438 1600 nial
453 1556 525 1598 for
535 1567 566 1599 a
581 1567 681 1608 gra-

341 1607 496 1652 duate.

482 3985 541 4037 C.
571 3990 677 4036 100.

347 4160 445 4205 'rho
459 4160 578 4202 form
593 4158 646 4201 ol
655 4156 740 4199 let·

347 4214 423 4273 afr
438 4208 626 4280 ‹211qu
637 4208 738 4259 sio-

793 845 922 914 474
1126 860 1314 910 meat
1359 857 1819 910 CANOELLARII
1866 859 1949 910 ET
1996 858 2564 912 PROOURATORUM.

923 1181 1182 1248 Mones
1225 1193 1711 1247 'resrlmcmm
1779 1195 1911 1245 rao
1974 1193 2403 1258 Quocunque
2470 1195 2790 1247 HONESTO

1665 1295 2057 1348 GRADUATO.

882 1434 1232 1501 Universis
1275 1438 1518 1499 sanctae
1560 1432 1792 1498 matris
1838 1431 2145 1498 Ecclesiae
2204 1432 2359 1498 filiis
2400 1433 2490 1498 ad
2530 1454 2697 1519 quos
2742 1455 2908 1520 prae-

789 1543 1006 1605 sentes
1079 1537 1296 1603 literae
1389 1537 1832 1623 pervenerint,
1914 1536 2361 1604 cancellarius
2424 1534 2907 1603 Universitatis

791 1639 1203 1718 OxoniensiS,
1249 1644 1590 1724 coetusque
1651 1639 1945 1724 ejusdem
2008 1639 2477 1728 Magistrorum
2530 1637 2905 1722 unanimuS,

791 1745 1069 1810 salutem
1114 1743 1188 1806 in
1219 1742 1508 1808 Domino
1553 1744 2041 1829 sempiternam.

882 1844 1051 1912 Cum
1080 1866 1218 1910 non
1249 1844 1477 1909 deceat
1519 1843 1816 1911 honestae
1860 1844 2379 1912 conversationis
2423 1845 2757 1910 lucernam
2802 1867 2907 1911 oc-

789 1949 1028 2016 cultari
1057 1947 1178 2013 sub
1215 1946 1452 2024 modio,
1497 1947 1616 2011 sed
1661 1947 1888 2034 potius
1934 1947 2039 2012 his
2096 1948 2212 2033 qui
2257 1948 2332 2011 in
2384 1946 2580 2012 domo
2631 1947 2906 2015 Domini

791 2057 949 2118 sunt
981 2052 1056 2116 in
1083 2055 1310 2138 aperto
1331 2050 1669 2130 lucescere,
1699 2055 1783 2116 ut
1811 2049 2120 2116 fidelibus
2143 2051 2217 2116 in
2246 2050 2635 2136 exemplum,
2665 2050 2905 2116 idcirco

789 2155 955 2220 vitae
983 2151 1337 2219 laudabilis
1381 2150 1660 2239 gloriam
1711 2173 1939 2217 eorum
1992 2153 2108 2239 qui
2154 2152 2330 2217 inter
2373 2173 2495 2217 nos
2540 2151 2904 2240 disciplinis

793 2255 1218 2333 scholasticis,
1246 2253 1592 2320 laboriosis
1621 2253 1864 2320 studiis
1894 2254 2148 2320 diutius
2174 2254 2591 2335 insistebant,
2616 2255 2703 2320 ad
2730 2276 2905 2321 com-

793 2379 1062 2424 munem
1092 2357 1440 2423 hominum
1483 2356 1795 2422 notitiam
1843 2379 1919 2422 eo
1951 2356 2342 2423 ferventiori
2370 2356 2693 2424 desiderio
2724 2358 2899 2444 cupi-

788 2483 938 2526 mus
982 2459 1338 2547 pervenire,
1374 2480 1503 2543 quo
1549 2459 1903 2525 nonnullos
1950 2459 2277 2526 credimus
2326 2481 2405 2524 ea
2434 2459 2765 2525 occasione
2815 2461 2903 2526 ad

789 2563 1057 2648 majoris
1085 2559 1450 2628 honestatis
1478 2560 1759 2648 gloriam
1788 2561 2106 2642 invitari3
2151 2562 2309 2648 quia
2356 2563 2565 2649 igitur
2586 2561 2906 2648 Magister

793 2667 876 2731 N.
908 2666 991 2731 de
1023 2665 1122 2742 D„
1154 2669 1398 2730 nostrae
1443 2663 1968 2750 congregationis
2013 2664 2358 2742 confrater,
2384 2663 2541 2729 talis
2567 2664 2903 2730 facultatis

794 2767 1116 2855 Magister
1143 2766 1253 2833 vel
1297 2765 1560 2843 Doctor‚
1603 2771 1763 2833 astu
1806 2788 2056 2854 regens,
2102 2767 2283 2833 inter
2325 2789 2447 2833 nos
2491 2766 2787 2834 moribus
2829 2773 2903 2834 et

796 2872 1072 2937 scientia
1139 2870 1234 2935 sic
1284 2868 1563 2956 profecit
1628 2870 1806 2955 quod
1872 2877 2015 2937 tam
2092 2876 2313 2936 sancte
2372 2892 2573 2957 quam
2632 2872 2907 2937 honeste

799 2976 977 3039 inter
1037 2972 1244 3038 socios
1289 2972 1736 3037 conversando
1794 2972 1869 3036 in
1915 2972 2221 3038 omnibus
2264 2973 2553 3059 praebuit
2599 2974 2905 3039 veritatis

800 3074 1193 3161 exemplum,
1252 3094 1338 3138 ne
1399 3073 1946 3139 calumniantium
2004 3074 2278 3152 invidia,
2358 3075 2522 3139 hora
2580 3075 2905 3142 malitiose

799 3180 1084 3265 captata,
1159 3180 1370 3242 tantae
1433 3176 1803 3242 honestatis
1878 3177 2187 3264 splendor
2244 3177 2731 3242 mendaciorum
2791 3200 2903 3242 ne-

794 3279 956 3345 bula
1029 3277 1431 3356 obfuscetur,
1513 3278 1604 3343 ad
1662 3276 2376 3352 recommendationem
2454 3278 2619 3343 dicti
2691 3280 2904 3345 nostri

795 3381 1080 3450 consocii
1141 3382 1516 3469 pleniorem,
1577 3380 1795 3446 eidem
1840 3402 2037 3469 super
2096 3380 2453 3467 praemissis
2496 3380 2616 3446 has
2674 3382 2902 3447 literas

795 3484 1267 3553 testimoniales
1297 3483 1513 3572 sigillo
1559 3484 1893 3549 communi
1940 3489 2187 3551 nostrae
2216 3480 2698 3549 Universitatis
2748 3484 2905 3548 feci-

793 3612 940 3656 mus
983 3588 1370 3675 consignari.

886 3690 1140 3757 Datum
1185 3689 1484 3767 Oxoniae,
1531 3692 1650 3754 etc.

955 4002 1208 4067 anm
1254 4000 1537 4064 ermzAE
1581 4010 1749 4071 QUAE
1792 4006 2115 4061 vocAruR
2161 3989 2743 4058 “s1cN1r1cAv1-r3’

885 4154 1314 4223 serenissimo
1363 4150 1643 4242 principi
1695 4171 1773 4216 ac
1824 4146 2092 4215 domino
2140 4146 2452 4226 Henrico,
2485 4144 2617 4212 Dei
2678 4146 2901 4233 gratia

794 4260 936 4347 regi
997 4258 1260 4343 Angliae
1322 4260 1393 4321 et
1454 4252 1766 4333 Franciae,
1829 4257 1967 4330 etc,
2028 4249 2447 4337 subscriptus,
2510 4250 2567 4314 si
2626 4248 2897 4335 placeat,

795 4358 1064 4427 humilis
1091 4358 1360 4424 clericus
1377 4356 1697 4422 Ricardus
1725 4354 1807 4419 de
1839 4354 1933 4431 R„
1966 4351 2405 4419 cancellarius
2424 4350 2901 4417 Universitatis

796 4470 1038 4531 vestrae
1098 4461 1392 4539 Oxoniae,
1439 4456 1881 4525 omnimodam
1953 4454 2387 4521 reverentiam
2448 4458 2517 4519 et
2572 4454 2901 4518 honorem.

804 4564 941 4655 [vel
983 4565 1098 4644 sio,
1128 4570 1197 4630 et
1225 4562 1414 4651 regni
1461 4560 1564 4627 sui
1612 4560 1905 4647 regimen
1952 4557 2309 4624 secundum
2346 4556 2519 4643 juris
2564 4556 2899 4621 tramitem

801 4667 1079 4735 diutinis
1107 4665 1512 4753 temporibus
1541 4664 1615 4728 in
1642 4664 1819 4749 pacis
1847 4660 2334 4749 pulchritudine
2364 4660 2639 4727 feliciter
2665 4659 2902 4747 guber-

803 4772 1006 4857 nare]
