<?xml version="1.0" encoding="UTF-8"?>
<!DOCTYPE html PUBLIC "-//W3C//DTD XHTML 1.0 Transitional//EN"
    "http://www.w3.org/TR/xhtml1/DTD/xhtml1-transitional.dtd">
<html xmlns="http://www.w3.org/1999/xhtml" xml:lang="en" lang="en">
 <head>
  <title>
</title>
<meta http-equiv="Content-Type" content="text/html;charset=utf-8" />
  <meta name='ocr-system' content='tesseract 3.04.00' />
  <meta name='ocr-capabilities' content='ocr_page ocr_carea ocr_par ocr_line ocrx_word'/>
</head>
<body>
  <div class='ocr_page' id='page_1' title='image "./munimentaacadem00anstgoog_0431.png"; bbox 0 0 3466 5635; ppageno 0'>
   <div class='ocr_carea' id='block_1_1' title="bbox 581 1587 892 1650">
    <p class='ocr_par' dir='ltr' id='par_1_1' title="bbox 581 1587 892 1650">
     <span class='ocr_line' id='line_1_1' title="bbox 581 1587 892 1650; baseline -0.006 -10"><span class='ocrx_word' id='word_1_1' title='bbox 581 1587 718 1640; x_wconf 60' lang='grc' dir='ltr'><strong>ΔΑ).</strong></span> <span class='ocrx_word' id='word_1_2' title='bbox 745 1593 892 1650; x_wconf 75' lang='lat'><strong>1321,</strong></span> 
     </span>
    </p>
   </div>
   <div class='ocr_carea' id='block_1_2' title="bbox 525 1652 972 1722">
    <p class='ocr_par' dir='ltr' id='par_1_2' title="bbox 525 1652 972 1722">
     <span class='ocr_line' id='line_1_2' title="bbox 525 1652 972 1722; baseline 0.009 -14"><span class='ocrx_word' id='word_1_3' title='bbox 525 1655 786 1722; x_wconf 74' lang='lat' dir='ltr'><strong>February</strong></span> <span class='ocrx_word' id='word_1_4' title='bbox 817 1652 935 1708; x_wconf 77' lang='lat' dir='ltr'><strong>lsth</strong></span> <span class='ocrx_word' id='word_1_5' title='bbox 947 1689 972 1712; x_wconf 71' lang='grc' dir='ltr'><strong>ο</strong></span> 
     </span>
    </p>
   </div>
   <div class='ocr_carea' id='block_1_3' title="bbox 972 921 2246 988">
    <p class='ocr_par' dir='ltr' id='par_1_3' title="bbox 972 921 2246 988">
     <span class='ocr_line' id='line_1_3' title="bbox 972 921 2246 988; baseline -0.005 0"><span class='ocrx_word' id='word_1_6' title='bbox 972 921 1102 988; x_wconf 82' lang='grc'><strong>786</strong></span> <span class='ocrx_word' id='word_1_7' title='bbox 1775 931 2131 982; x_wconf 70' lang='lat' dir='ltr'><strong>Arpmmx</strong></span> <span class='ocrx_word' id='word_1_8' title='bbox 2174 931 2246 981; x_wconf 79' lang='lat' dir='ltr'><strong>H.</strong></span> 
     </span>
    </p>
   </div>
   <div class='ocr_carea' id='block_1_4' title="bbox 1709 1155 2325 1224">
    <p class='ocr_par' dir='ltr' id='par_1_4' title="bbox 1709 1155 2325 1224">
     <span class='ocr_line' id='line_1_4' title="bbox 1709 1155 2325 1224; baseline -0.003 0"><span class='ocrx_word' id='word_1_9' title='bbox 1709 1155 2186 1224; x_wconf 84' lang='lat' dir='ltr'><strong>APPENDIX</strong></span> <span class='ocrx_word' id='word_1_10' title='bbox 2233 1156 2325 1224; x_wconf 89' lang='grc' dir='ltr'><strong>Η.</strong></span> 
     </span>
    </p>
   </div>
   <div class='ocr_carea' id='block_1_5' title="bbox 1928 1287 2121 1322">
    <p class='ocr_par' dir='ltr' id='par_1_5' title="bbox 1928 1287 2121 1322">
     <span class='ocr_line' id='line_1_5' title="bbox 1928 1287 2121 1322; baseline -0.01 0"><span class='ocrx_word' id='word_1_11' title='bbox 1928 1287 2121 1322; x_wconf 73' lang='grc' dir='ltr'><strong>.---Ι</strong></span> 
     </span>
    </p>
   </div>
   <div class='ocr_carea' id='block_1_6' title="bbox 1045 1393 3001 1488">
    <p class='ocr_par' dir='ltr' id='par_1_6' title="bbox 1045 1393 3001 1488">
     <span class='ocr_line' id='line_1_6' title="bbox 1045 1393 3001 1488; baseline -0.002 -20"><span class='ocrx_word' id='word_1_12' title='bbox 1045 1398 1546 1488; x_wconf 68' lang='lat' dir='ltr'><strong>G‘onfimuztion</strong></span> <span class='ocrx_word' id='word_1_13' title='bbox 1587 1396 1668 1484; x_wconf 86' lang='lat' dir='ltr'><strong>of</strong></span> <span class='ocrx_word' id='word_1_14' title='bbox 1689 1395 2059 1486; x_wconf 66' lang='lat' dir='ltr'><strong>pm‘sv‘blcycs</strong></span> <span class='ocrx_word' id='word_1_15' title='bbox 2102 1397 2182 1484; x_wconf 88' lang='lat' dir='ltr'><strong>of</strong></span> <span class='ocrx_word' id='word_1_16' title='bbox 2216 1395 2317 1464; x_wconf 77' lang='lat' dir='ltr'><strong>the</strong></span> <span class='ocrx_word' id='word_1_17' title='bbox 2363 1393 2851 1477; x_wconf 59' lang='grc' dir='ltr'><strong>Οοφᾱκωαᾶηωτε,</strong></span> <span class='ocrx_word' id='word_1_18' title='bbox 2896 1397 3001 1464; x_wconf 69' lang='grc' dir='ltr'><strong>ὥσ.</strong></span> 
     </span>
    </p>
   </div>
   <div class='ocr_carea' id='block_1_7' title="bbox 974 1572 3075 1967">
    <p class='ocr_par' dir='ltr' id='par_1_7' title="bbox 974 1572 3075 1967">
     <span class='ocr_line' id='line_1_7' title="bbox 1065 1572 3069 1660; baseline -0.001 -19"><span class='ocrx_word' id='word_1_19' title='bbox 1065 1577 1212 1642; x_wconf 86' lang='lat' dir='ltr'><strong>Rex</strong></span> <span class='ocrx_word' id='word_1_20' title='bbox 1256 1573 1496 1660; x_wconf 90' lang='lat' dir='ltr'><strong>Majori</strong></span> <span class='ocrx_word' id='word_1_21' title='bbox 1537 1577 1606 1640; x_wconf 86' lang='lat' dir='ltr'><strong>et</strong></span> <span class='ocrx_word' id='word_1_22' title='bbox 1649 1573 1918 1639; x_wconf 77' lang='lat' dir='ltr'><strong>ballivis</strong></span> <span class='ocrx_word' id='word_1_23' title='bbox 1974 1575 2113 1639; x_wconf 90' lang='lat' dir='ltr'><strong>suis</strong></span> <span class='ocrx_word' id='word_1_24' title='bbox 2158 1572 2453 1652; x_wconf 80' lang='lat' dir='ltr'><strong>Oxoniae,</strong></span> <span class='ocrx_word' id='word_1_25' title='bbox 2512 1573 2811 1641; x_wconf 70' lang='lat' dir='ltr'><strong>salutem„</strong></span> <span class='ocrx_word' id='word_1_26' title='bbox 2904 1575 3069 1641; x_wconf 86' lang='lat' dir='ltr'><strong>Cum</strong></span> 
     </span>
     <span class='ocr_line' id='line_1_8' title="bbox 975 1675 3073 1763; baseline -0.001 -19"><span class='ocrx_word' id='word_1_27' title='bbox 975 1676 1284 1745; x_wconf 83' lang='lat' dir='ltr'><strong>dominus</strong></span> <span class='ocrx_word' id='word_1_28' title='bbox 1328 1675 1659 1742; x_wconf 89' lang='lat' dir='ltr'><strong>Henricus</strong></span> <span class='ocrx_word' id='word_1_29' title='bbox 1719 1675 2051 1763; x_wconf 88' lang='lat' dir='ltr'><strong>quondam</strong></span> <span class='ocrx_word' id='word_1_30' title='bbox 2111 1697 2230 1742; x_wconf 85' lang='lat' dir='ltr'><strong>rex</strong></span> <span class='ocrx_word' id='word_1_31' title='bbox 2292 1675 2558 1762; x_wconf 81' lang='lat' dir='ltr'><strong>Angliae</strong></span> <span class='ocrx_word' id='word_1_32' title='bbox 2622 1697 2790 1742; x_wconf 86' lang='lat' dir='ltr'><strong>avus</strong></span> <span class='ocrx_word' id='word_1_33' title='bbox 2848 1682 3073 1743; x_wconf 83' lang='lat' dir='ltr'><strong>noster</strong></span> 
     </span>
     <span class='ocr_line' id='line_1_9' title="bbox 974 1778 3075 1869; baseline 0 -24"><span class='ocrx_word' id='word_1_34' title='bbox 974 1803 1093 1869; x_wconf 84' lang='lat' dir='ltr'><strong>per</strong></span> <span class='ocrx_word' id='word_1_35' title='bbox 1165 1783 1416 1845; x_wconf 86' lang='lat' dir='ltr'><strong>cartam</strong></span> <span class='ocrx_word' id='word_1_36' title='bbox 1496 1800 1703 1857; x_wconf 89' lang='lat' dir='ltr'><strong>suam,</strong></span> <span class='ocrx_word' id='word_1_37' title='bbox 1772 1799 1971 1865; x_wconf 87' lang='lat' dir='ltr'><strong>quam</strong></span> <span class='ocrx_word' id='word_1_38' title='bbox 2045 1778 2595 1861; x_wconf 85' lang='lat' dir='ltr'><strong>confirmavimus,</strong></span> <span class='ocrx_word' id='word_1_39' title='bbox 2658 1781 3075 1846; x_wconf 73' lang='lat' dir='ltr'><strong>concessisset</strong></span> 
     </span>
     <span class='ocr_line' id='line_1_10' title="bbox 977 1880 3071 1967; baseline 0 -19"><span class='ocrx_word' id='word_1_40' title='bbox 977 1881 1409 1967; x_wconf 83' lang='lat' dir='ltr'><strong>corveysariis</strong></span> <span class='ocrx_word' id='word_1_41' title='bbox 1453 1881 1534 1946; x_wconf 86' lang='lat' dir='ltr'><strong>de</strong></span> <span class='ocrx_word' id='word_1_42' title='bbox 1594 1880 1858 1946; x_wconf 82' lang='lat' dir='ltr'><strong>Oxonia</strong></span> <span class='ocrx_word' id='word_1_43' title='bbox 1909 1903 2135 1947; x_wconf 92' lang='lat' dir='ltr'><strong>omnes</strong></span> <span class='ocrx_word' id='word_1_44' title='bbox 2192 1881 2533 1948; x_wconf 85' lang='lat' dir='ltr'><strong>libertates</strong></span> <span class='ocrx_word' id='word_1_45' title='bbox 2589 1885 2660 1947; x_wconf 92' lang='lat' dir='ltr'><strong>et</strong></span> <span class='ocrx_word' id='word_1_46' title='bbox 2724 1887 3071 1948; x_wconf 87' lang='lat' dir='ltr'><strong>consuetu·</strong></span> 
     </span>
    </p>
   </div>
   <div class='ocr_carea' id='block_1_8' title="bbox 861 1983 3073 2072">
    <p class='ocr_par' dir='ltr' id='par_1_8' title="bbox 861 1983 3073 2072">
     <span class='ocr_line' id='line_1_11' title="bbox 861 1983 3073 2072; baseline 0 -22"><span class='ocrx_word' id='word_1_47' title='bbox 861 2023 872 2034; x_wconf 84' lang='lat'>·</span> <span class='ocrx_word' id='word_1_48' title='bbox 979 1985 1166 2050; x_wconf 84' lang='lat' dir='ltr'><strong>dines</strong></span> <span class='ocrx_word' id='word_1_49' title='bbox 1211 2005 1372 2070; x_wconf 84' lang='lat' dir='ltr'><strong>quas</strong></span> <span class='ocrx_word' id='word_1_50' title='bbox 1415 1983 1796 2048; x_wconf 87' lang='lat' dir='ltr'><strong>habuerunt</strong></span> <span class='ocrx_word' id='word_1_51' title='bbox 1838 1989 2130 2070; x_wconf 87' lang='lat' dir='ltr'><strong>tempore</strong></span> <span class='ocrx_word' id='word_1_52' title='bbox 2174 1983 2347 2072; x_wconf 84' lang='lat' dir='ltr'><strong>regis</strong></span> <span class='ocrx_word' id='word_1_53' title='bbox 2392 1983 2671 2050; x_wconf 88' lang='lat' dir='ltr'><strong>Henrici</strong></span> <span class='ocrx_word' id='word_1_54' title='bbox 2714 1984 2825 2050; x_wconf 83' lang='lat' dir='ltr'><strong>avi</strong></span> <span class='ocrx_word' id='word_1_55' title='bbox 2871 1984 3073 2072; x_wconf 88' lang='lat' dir='ltr'><strong>ipsius</strong></span> 
     </span>
    </p>
   </div>
   <div class='ocr_carea' id='block_1_9' title="bbox 977 2084 3086 4915">
    <p class='ocr_par' dir='ltr' id='par_1_9' title="bbox 977 2084 3086 4915">
     <span class='ocr_line' id='line_1_12' title="bbox 979 2084 3073 2172; baseline 0 -20"><span class='ocrx_word' id='word_1_56' title='bbox 979 2087 1092 2152; x_wconf 85' lang='lat' dir='ltr'><strong>avi</strong></span> <span class='ocrx_word' id='word_1_57' title='bbox 1158 2085 1389 2166; x_wconf 87' lang='lat' dir='ltr'><strong>nostri,</strong></span> <span class='ocrx_word' id='word_1_58' title='bbox 1437 2089 1507 2152; x_wconf 81' lang='lat' dir='ltr'><strong>et</strong></span> <span class='ocrx_word' id='word_1_59' title='bbox 1551 2085 1727 2171; x_wconf 87' lang='lat' dir='ltr'><strong>quod</strong></span> <span class='ocrx_word' id='word_1_60' title='bbox 1786 2084 2074 2150; x_wconf 86' lang='lat' dir='ltr'><strong>habeant</strong></span> <span class='ocrx_word' id='word_1_61' title='bbox 2132 2086 2382 2172; x_wconf 84' lang='lat' dir='ltr'><strong>gildam</strong></span> <span class='ocrx_word' id='word_1_62' title='bbox 2440 2107 2627 2151; x_wconf 90' lang='lat' dir='ltr'><strong>suam</strong></span> <span class='ocrx_word' id='word_1_63' title='bbox 2686 2087 2858 2152; x_wconf 85' lang='lat' dir='ltr'><strong>sicut</strong></span> <span class='ocrx_word' id='word_1_64' title='bbox 2914 2091 3073 2152; x_wconf 88' lang='lat' dir='ltr'><strong>tunc</strong></span> 
     </span>
     <span class='ocr_line' id='line_1_13' title="bbox 977 2186 3075 2273; baseline -0 -19"><span class='ocrx_word' id='word_1_65' title='bbox 977 2189 1372 2267; x_wconf 82' lang='lat' dir='ltr'><strong>habuerunt,</strong></span> <span class='ocrx_word' id='word_1_66' title='bbox 1439 2188 1538 2253; x_wconf 82' lang='lat' dir='ltr'><strong>ita</strong></span> <span class='ocrx_word' id='word_1_67' title='bbox 1601 2186 1780 2273; x_wconf 89' lang='lat' dir='ltr'><strong>quod</strong></span> <span class='ocrx_word' id='word_1_68' title='bbox 1841 2187 2064 2252; x_wconf 88' lang='lat' dir='ltr'><strong>nullus</strong></span> <span class='ocrx_word' id='word_1_69' title='bbox 2130 2187 2333 2253; x_wconf 79' lang='lat' dir='ltr'><strong>faciat</strong></span> <span class='ocrx_word' id='word_1_70' title='bbox 2392 2210 2619 2253; x_wconf 87' lang='lat' dir='ltr'><strong>eorum</strong></span> <span class='ocrx_word' id='word_1_71' title='bbox 2662 2187 2947 2254; x_wconf 87' lang='lat' dir='ltr'><strong>officium</strong></span> <span class='ocrx_word' id='word_1_72' title='bbox 3006 2189 3075 2253; x_wconf 89' lang='lat' dir='ltr'><strong>in</strong></span> 
     </span>
     <span class='ocr_line' id='line_1_14' title="bbox 977 2288 3075 2376; baseline 0 -20"><span class='ocrx_word' id='word_1_73' title='bbox 977 2291 1140 2356; x_wconf 82' lang='lat' dir='ltr'><strong>villa</strong></span> <span class='ocrx_word' id='word_1_74' title='bbox 1184 2290 1266 2356; x_wconf 89' lang='lat' dir='ltr'><strong>de</strong></span> <span class='ocrx_word' id='word_1_75' title='bbox 1311 2289 1575 2357; x_wconf 85' lang='lat' dir='ltr'><strong>Oxonia</strong></span> <span class='ocrx_word' id='word_1_76' title='bbox 1625 2288 1759 2354; x_wconf 86' lang='lat' dir='ltr'><strong>nisi</strong></span> <span class='ocrx_word' id='word_1_77' title='bbox 1808 2289 1900 2354; x_wconf 85' lang='lat' dir='ltr'><strong>sit</strong></span> <span class='ocrx_word' id='word_1_78' title='bbox 1943 2289 2025 2354; x_wconf 87' lang='lat' dir='ltr'><strong>de</strong></span> <span class='ocrx_word' id='word_1_79' title='bbox 2075 2288 2257 2376; x_wconf 85' lang='lat' dir='ltr'><strong>gilda</strong></span> <span class='ocrx_word' id='word_1_80' title='bbox 2314 2290 2471 2370; x_wconf 83' lang='lat' dir='ltr'><strong>illa3</strong></span> <span class='ocrx_word' id='word_1_81' title='bbox 2530 2311 2607 2355; x_wconf 87' lang='lat' dir='ltr'><strong>ac</strong></span> <span class='ocrx_word' id='word_1_82' title='bbox 2664 2290 2871 2356; x_wconf 84' lang='lat' dir='ltr'><strong>etiam</strong></span> <span class='ocrx_word' id='word_1_83' title='bbox 2928 2312 3075 2356; x_wconf 91' lang='lat' dir='ltr'><strong>con-</strong></span> 
     </span>
     <span class='ocr_line' id='line_1_15' title="bbox 978 2390 3077 2478; baseline -0.002 -18"><span class='ocrx_word' id='word_1_84' title='bbox 978 2393 1270 2460; x_wconf 72' lang='lat' dir='ltr'><strong>cessisset</strong></span> <span class='ocrx_word' id='word_1_85' title='bbox 1331 2391 1508 2478; x_wconf 91' lang='lat' dir='ltr'><strong>quod</strong></span> <span class='ocrx_word' id='word_1_86' title='bbox 1569 2391 2057 2469; x_wconf 83' lang='lat' dir='ltr'><strong>cordewanarii,</strong></span> <span class='ocrx_word' id='word_1_87' title='bbox 2116 2390 2231 2478; x_wconf 89' lang='lat' dir='ltr'><strong>qui</strong></span> <span class='ocrx_word' id='word_1_88' title='bbox 2306 2396 2533 2478; x_wconf 86' lang='lat' dir='ltr'><strong>postea-</strong></span> <span class='ocrx_word' id='word_1_89' title='bbox 2605 2397 2937 2458; x_wconf 86' lang='lat' dir='ltr'><strong>venerunt</strong></span> <span class='ocrx_word' id='word_1_90' title='bbox 3006 2394 3077 2456; x_wconf 90' lang='lat' dir='ltr'><strong>in</strong></span> 
     </span>
     <span class='ocr_line' id='line_1_16' title="bbox 981 2491 3074 2581; baseline 0 -21"><span class='ocrx_word' id='word_1_91' title='bbox 981 2496 1160 2560; x_wconf 85' lang='lat' dir='ltr'><strong>dicta</strong></span> <span class='ocrx_word' id='word_1_92' title='bbox 1201 2493 1364 2558; x_wconf 87' lang='lat' dir='ltr'><strong>villa</strong></span> <span class='ocrx_word' id='word_1_93' title='bbox 1408 2494 1490 2558; x_wconf 92' lang='lat' dir='ltr'><strong>de</strong></span> <span class='ocrx_word' id='word_1_94' title='bbox 1537 2492 1819 2572; x_wconf 83' lang='lat' dir='ltr'><strong>Oxonia,</strong></span> <span class='ocrx_word' id='word_1_95' title='bbox 1866 2493 2001 2557; x_wconf 80' lang='lat' dir='ltr'><strong>sint</strong></span> <span class='ocrx_word' id='word_1_96' title='bbox 2050 2492 2124 2556; x_wconf 91' lang='lat' dir='ltr'><strong>in</strong></span> <span class='ocrx_word' id='word_1_97' title='bbox 2175 2493 2298 2558; x_wconf 89' lang='lat' dir='ltr'><strong>hac</strong></span> <span class='ocrx_word' id='word_1_98' title='bbox 2340 2494 2484 2580; x_wconf 84' lang='lat' dir='ltr'><strong>ipsa</strong></span> <span class='ocrx_word' id='word_1_99' title='bbox 2525 2491 2724 2581; x_wconf 75' lang='lat' dir='ltr'><strong>gilda,</strong></span> <span class='ocrx_word' id='word_1_100' title='bbox 2769 2503 2837 2560; x_wconf 85' lang='lat' dir='ltr'><strong>et</strong></span> <span class='ocrx_word' id='word_1_101' title='bbox 2882 2494 3074 2559; x_wconf 83' lang='lat' dir='ltr'><strong>habc-</strong></span> 
     </span>
     <span class='ocr_line' id='line_1_17' title="bbox 981 2593 3075 2682; baseline 0.001 -21"><span class='ocrx_word' id='word_1_102' title='bbox 981 2602 1103 2661; x_wconf 85' lang='lat' dir='ltr'><strong>ant</strong></span> <span class='ocrx_word' id='word_1_103' title='bbox 1171 2594 1430 2661; x_wconf 87' lang='lat' dir='ltr'><strong>easdem</strong></span> <span class='ocrx_word' id='word_1_104' title='bbox 1481 2593 1824 2660; x_wconf 71' lang='lat' dir='ltr'><strong>libertates</strong></span> <span class='ocrx_word' id='word_1_105' title='bbox 1878 2600 1946 2660; x_wconf 86' lang='lat' dir='ltr'><strong>et</strong></span> <span class='ocrx_word' id='word_1_106' title='bbox 2006 2595 2515 2660; x_wconf 86' lang='lat' dir='ltr'><strong>consuetudines</strong></span> <span class='ocrx_word' id='word_1_107' title='bbox 2590 2617 2752 2681; x_wconf 85' lang='lat' dir='ltr'><strong>quas</strong></span> <span class='ocrx_word' id='word_1_108' title='bbox 2812 2618 3075 2682; x_wconf 84' lang='lat' dir='ltr'><strong>corvey-</strong></span> 
     </span>
     <span class='ocr_line' id='line_1_18' title="bbox 981 2685 3079 2785; baseline 0.001 -23"><span class='ocrx_word' id='word_1_109' title='bbox 981 2697 1136 2762; x_wconf 88' lang='lat' dir='ltr'><strong>sarii</strong></span> <span class='ocrx_word' id='word_1_110' title='bbox 1199 2696 1447 2762; x_wconf 84' lang='lat' dir='ltr'><strong>habent</strong></span> <span class='ocrx_word' id='word_1_111' title='bbox 1489 2706 1560 2761; x_wconf 85' lang='lat' dir='ltr'><strong>et</strong></span> <span class='ocrx_word' id='word_1_112' title='bbox 1603 2685 1843 2762; x_wconf 85' lang='lat' dir='ltr'><strong>habere</strong></span> <span class='ocrx_word' id='word_1_113' title='bbox 1902 2696 2162 2775; x_wconf 86' lang='lat' dir='ltr'><strong>debent,</strong></span> <span class='ocrx_word' id='word_1_114' title='bbox 2209 2702 2279 2763; x_wconf 91' lang='lat' dir='ltr'><strong>et</strong></span> <span class='ocrx_word' id='word_1_115' title='bbox 2323 2697 2467 2762; x_wconf 90' lang='lat' dir='ltr'><strong>Nos</strong></span> <span class='ocrx_word' id='word_1_116' title='bbox 2524 2719 2756 2785; x_wconf 89' lang='lat' dir='ltr'><strong>nuper,</strong></span> <span class='ocrx_word' id='word_1_117' title='bbox 2787 2698 3079 2764; x_wconf 83' lang='lat' dir='ltr'><strong>volentes</strong></span> 
     </span>
     <span class='ocr_line' id='line_1_19' title="bbox 978 2785 3077 2888; baseline 0.001 -23"><span class='ocrx_word' id='word_1_118' title='bbox 978 2798 1272 2885; x_wconf 86' lang='lat' dir='ltr'><strong>praefatis</strong></span> <span class='ocrx_word' id='word_1_119' title='bbox 1315 2785 1833 2878; x_wconf 82' lang='lat' dir='ltr'><strong>cordewanariis,</strong></span> <span class='ocrx_word' id='word_1_120' title='bbox 1880 2803 1949 2865; x_wconf 82' lang='lat' dir='ltr'><strong>et</strong></span> <span class='ocrx_word' id='word_1_121' title='bbox 1999 2799 2430 2885; x_wconf 85' lang='lat' dir='ltr'><strong>corveysariis</strong></span> <span class='ocrx_word' id='word_1_122' title='bbox 2487 2801 2773 2888; x_wconf 82' lang='lat' dir='ltr'><strong>gratiam</strong></span> <span class='ocrx_word' id='word_1_123' title='bbox 2832 2801 2904 2867; x_wconf 86' lang='lat' dir='ltr'><strong>in</strong></span> <span class='ocrx_word' id='word_1_124' title='bbox 2960 2801 3077 2867; x_wconf 81' lang='lat' dir='ltr'><strong>hac</strong></span> 
     </span>
     <span class='ocr_line' id='line_1_20' title="bbox 981 2899 3075 2990; baseline 0.001 -25"><span class='ocrx_word' id='word_1_125' title='bbox 981 2907 1169 2988; x_wconf 82' lang='lat' dir='ltr'><strong>parte</strong></span> <span class='ocrx_word' id='word_1_126' title='bbox 1214 2899 1426 2966; x_wconf 86' lang='lat' dir='ltr'><strong>facere</strong></span> <span class='ocrx_word' id='word_1_127' title='bbox 1470 2900 1861 2980; x_wconf 86' lang='lat' dir='ltr'><strong>uberiorem,</strong></span> <span class='ocrx_word' id='word_1_128' title='bbox 1907 2903 2410 2968; x_wconf 76' lang='lat' dir='ltr'><strong>concesserimus</strong></span> <span class='ocrx_word' id='word_1_129' title='bbox 2454 2904 2563 2981; x_wconf 85' lang='lat' dir='ltr'><strong>eis,</strong></span> <span class='ocrx_word' id='word_1_130' title='bbox 2611 2925 2731 2990; x_wconf 87' lang='lat' dir='ltr'><strong>pro</strong></span> <span class='ocrx_word' id='word_1_131' title='bbox 2774 2904 2967 2969; x_wconf 89' lang='lat' dir='ltr'><strong>nobis</strong></span> <span class='ocrx_word' id='word_1_132' title='bbox 3010 2908 3075 2969; x_wconf 88' lang='lat' dir='ltr'><strong>et</strong></span> 
     </span>
     <span class='ocr_line' id='line_1_21' title="bbox 977 3002 3073 3088; baseline 0 -21"><span class='ocrx_word' id='word_1_133' title='bbox 977 3002 1348 3068; x_wconf 86' lang='lat' dir='ltr'><strong>haeredibus</strong></span> <span class='ocrx_word' id='word_1_134' title='bbox 1392 3003 1655 3079; x_wconf 88' lang='lat' dir='ltr'><strong>nostris,</strong></span> <span class='ocrx_word' id='word_1_135' title='bbox 1685 3003 1864 3088; x_wconf 89' lang='lat' dir='ltr'><strong>quod</strong></span> <span class='ocrx_word' id='word_1_136' title='bbox 1904 3004 2129 3069; x_wconf 88' lang='lat' dir='ltr'><strong>nullus</strong></span> <span class='ocrx_word' id='word_1_137' title='bbox 2158 3004 2361 3069; x_wconf 81' lang='lat' dir='ltr'><strong>faciat</strong></span> <span class='ocrx_word' id='word_1_138' title='bbox 2406 3026 2633 3069; x_wconf 87' lang='lat' dir='ltr'><strong>eorum</strong></span> <span class='ocrx_word' id='word_1_139' title='bbox 2678 3004 2962 3070; x_wconf 90' lang='lat' dir='ltr'><strong>officium</strong></span> <span class='ocrx_word' id='word_1_140' title='bbox 3006 3006 3073 3068; x_wconf 90' lang='lat' dir='ltr'><strong>in</strong></span> 
     </span>
     <span class='ocr_line' id='line_1_22' title="bbox 983 3104 3077 3195; baseline 0 -25"><span class='ocrx_word' id='word_1_141' title='bbox 983 3104 1318 3170; x_wconf 87' lang='lat' dir='ltr'><strong>suburbiis</strong></span> <span class='ocrx_word' id='word_1_142' title='bbox 1379 3104 1712 3192; x_wconf 85' lang='lat' dir='ltr'><strong>praedictae</strong></span> <span class='ocrx_word' id='word_1_143' title='bbox 1786 3104 1965 3171; x_wconf 83' lang='lat' dir='ltr'><strong>villae</strong></span> <span class='ocrx_word' id='word_1_144' title='bbox 2019 3106 2313 3183; x_wconf 82' lang='lat' dir='ltr'><strong>Oxoniae,</strong></span> <span class='ocrx_word' id='word_1_145' title='bbox 2378 3105 2509 3171; x_wconf 90' lang='lat' dir='ltr'><strong>nisi</strong></span> <span class='ocrx_word' id='word_1_146' title='bbox 2583 3108 2675 3171; x_wconf 87' lang='lat' dir='ltr'><strong>sit</strong></span> <span class='ocrx_word' id='word_1_147' title='bbox 2748 3108 2831 3172; x_wconf 89' lang='lat' dir='ltr'><strong>de</strong></span> <span class='ocrx_word' id='word_1_148' title='bbox 2902 3108 3077 3195; x_wconf 86' lang='lat' dir='ltr'><strong>gilda</strong></span> 
     </span>
     <span class='ocr_line' id='line_1_23' title="bbox 983 3206 3077 3293; baseline 0.001 -22"><span class='ocrx_word' id='word_1_149' title='bbox 983 3208 1375 3293; x_wconf 80' lang='lat' dir='ltr'><strong>supradicta,</strong></span> <span class='ocrx_word' id='word_1_150' title='bbox 1453 3212 1522 3272; x_wconf 89' lang='lat' dir='ltr'><strong>et</strong></span> <span class='ocrx_word' id='word_1_151' title='bbox 1595 3206 1775 3292; x_wconf 85' lang='lat' dir='ltr'><strong>quod</strong></span> <span class='ocrx_word' id='word_1_152' title='bbox 1848 3206 2073 3272; x_wconf 89' lang='lat' dir='ltr'><strong>nullus</strong></span> <span class='ocrx_word' id='word_1_153' title='bbox 2146 3207 2406 3273; x_wconf 88' lang='lat' dir='ltr'><strong>scindat</strong></span> <span class='ocrx_word' id='word_1_154' title='bbox 2481 3208 2550 3273; x_wconf 92' lang='lat' dir='ltr'><strong>in</strong></span> <span class='ocrx_word' id='word_1_155' title='bbox 2626 3208 2854 3274; x_wconf 86' lang='lat' dir='ltr'><strong>eadem</strong></span> <span class='ocrx_word' id='word_1_156' title='bbox 2920 3210 3077 3273; x_wconf 86' lang='lat' dir='ltr'><strong>villa</strong></span> 
     </span>
     <span class='ocr_line' id='line_1_24' title="bbox 982 3307 3077 3394; baseline 0 -19"><span class='ocrx_word' id='word_1_157' title='bbox 982 3309 1242 3376; x_wconf 82' lang='lat' dir='ltr'><strong>Oxonia</strong></span> <span class='ocrx_word' id='word_1_158' title='bbox 1269 3314 1388 3374; x_wconf 90' lang='lat' dir='ltr'><strong>aut</strong></span> <span class='ocrx_word' id='word_1_159' title='bbox 1432 3308 1766 3374; x_wconf 87' lang='lat' dir='ltr'><strong>suburbiis</strong></span> <span class='ocrx_word' id='word_1_160' title='bbox 1810 3307 2105 3394; x_wconf 87' lang='lat' dir='ltr'><strong>ejusdem</strong></span> <span class='ocrx_word' id='word_1_161' title='bbox 2148 3310 2627 3391; x_wconf 86' lang='lat' dir='ltr'><strong>cordewanum,</strong></span> <span class='ocrx_word' id='word_1_162' title='bbox 2671 3316 2792 3377; x_wconf 84' lang='lat' dir='ltr'><strong>aut</strong></span> <span class='ocrx_word' id='word_1_163' title='bbox 2836 3312 3077 3377; x_wconf 90' lang='lat' dir='ltr'><strong>corium</strong></span> 
     </span>
     <span class='ocr_line' id='line_1_25' title="bbox 981 3412 3078 3501; baseline 0.001 -23"><span class='ocrx_word' id='word_1_164' title='bbox 981 3418 1351 3491; x_wconf 81' lang='lat' dir='ltr'><strong>tannatum‚</strong></span> <span class='ocrx_word' id='word_1_165' title='bbox 1383 3417 1767 3490; x_wconf 67' lang='lat' dir='ltr'><strong>comeatum,</strong></span> <span class='ocrx_word' id='word_1_166' title='bbox 1799 3433 1918 3477; x_wconf 90' lang='lat' dir='ltr'><strong>nec</strong></span> <span class='ocrx_word' id='word_1_167' title='bbox 1962 3433 2210 3477; x_wconf 88' lang='lat' dir='ltr'><strong>novum</strong></span> <span class='ocrx_word' id='word_1_168' title='bbox 2254 3435 2418 3501; x_wconf 89' lang='lat' dir='ltr'><strong>opus</strong></span> <span class='ocrx_word' id='word_1_169' title='bbox 2461 3414 2549 3478; x_wconf 85' lang='lat' dir='ltr'><strong>ad</strong></span> <span class='ocrx_word' id='word_1_170' title='bbox 2591 3412 2872 3480; x_wconf 85' lang='lat' dir='ltr'><strong>officium</strong></span> <span class='ocrx_word' id='word_1_171' title='bbox 2921 3438 3078 3501; x_wconf 82' lang='lat' dir='ltr'><strong>prae·</strong></span> 
     </span>
     <span class='ocr_line' id='line_1_26' title="bbox 985 3512 3079 3602; baseline 0.001 -23"><span class='ocrx_word' id='word_1_172' title='bbox 985 3516 1238 3580; x_wconf 85' lang='lat' dir='ltr'><strong>dictum</strong></span> <span class='ocrx_word' id='word_1_173' title='bbox 1281 3514 1618 3602; x_wconf 81' lang='lat' dir='ltr'><strong>pertinens</strong></span> <span class='ocrx_word' id='word_1_174' title='bbox 1662 3514 1733 3578; x_wconf 91' lang='lat' dir='ltr'><strong>in</strong></span> <span class='ocrx_word' id='word_1_175' title='bbox 1790 3512 2041 3580; x_wconf 88' lang='lat' dir='ltr'><strong>eisdem</strong></span> <span class='ocrx_word' id='word_1_176' title='bbox 2104 3514 2264 3580; x_wconf 86' lang='lat' dir='ltr'><strong>villa</strong></span> <span class='ocrx_word' id='word_1_177' title='bbox 2308 3520 2379 3581; x_wconf 88' lang='lat' dir='ltr'><strong>et</strong></span> <span class='ocrx_word' id='word_1_178' title='bbox 2424 3516 2755 3582; x_wconf 86' lang='lat' dir='ltr'><strong>suburbiis</strong></span> <span class='ocrx_word' id='word_1_179' title='bbox 2814 3516 3079 3593; x_wconf 84' lang='lat' dir='ltr'><strong>vendat,</strong></span> 
     </span>
     <span class='ocr_line' id='line_1_27' title="bbox 985 3614 3081 3704; baseline 0.001 -23"><span class='ocrx_word' id='word_1_180' title='bbox 985 3617 1115 3681; x_wconf 89' lang='lat' dir='ltr'><strong>nisi</strong></span> <span class='ocrx_word' id='word_1_181' title='bbox 1153 3617 1245 3681; x_wconf 87' lang='lat' dir='ltr'><strong>sit</strong></span> <span class='ocrx_word' id='word_1_182' title='bbox 1292 3615 1374 3681; x_wconf 90' lang='lat' dir='ltr'><strong>de</strong></span> <span class='ocrx_word' id='word_1_183' title='bbox 1416 3615 1600 3703; x_wconf 84' lang='lat' dir='ltr'><strong>gilda</strong></span> <span class='ocrx_word' id='word_1_184' title='bbox 1642 3615 1775 3693; x_wconf 86' lang='lat' dir='ltr'><strong>illa,</strong></span> <span class='ocrx_word' id='word_1_185' title='bbox 1817 3616 1940 3681; x_wconf 91' lang='lat' dir='ltr'><strong>sub</strong></span> <span class='ocrx_word' id='word_1_186' title='bbox 1971 3614 2386 3682; x_wconf 86' lang='lat' dir='ltr'><strong>forisfactura</strong></span> <span class='ocrx_word' id='word_1_187' title='bbox 2414 3638 2619 3683; x_wconf 82' lang='lat' dir='ltr'><strong>manu</strong></span> <span class='ocrx_word' id='word_1_188' title='bbox 2648 3619 2861 3704; x_wconf 88' lang='lat' dir='ltr'><strong>operis</strong></span> <span class='ocrx_word' id='word_1_189' title='bbox 2891 3620 3081 3696; x_wconf 80' lang='lat' dir='ltr'><strong>illius,</strong></span> 
     </span>
     <span class='ocr_line' id='line_1_28' title="bbox 987 3715 3081 3805; baseline 0.001 -23"><span class='ocrx_word' id='word_1_190' title='bbox 987 3719 1073 3783; x_wconf 86' lang='lat' dir='ltr'><strong>ad</strong></span> <span class='ocrx_word' id='word_1_191' title='bbox 1134 3739 1298 3805; x_wconf 89' lang='lat' dir='ltr'><strong>opus</strong></span> <span class='ocrx_word' id='word_1_192' title='bbox 1372 3722 1688 3797; x_wconf 84' lang='lat' dir='ltr'><strong>nostrum,</strong></span> <span class='ocrx_word' id='word_1_193' title='bbox 1755 3715 1836 3782; x_wconf 90' lang='lat' dir='ltr'><strong>de</strong></span> <span class='ocrx_word' id='word_1_194' title='bbox 1920 3739 2053 3803; x_wconf 83' lang='lat' dir='ltr'><strong>qua</strong></span> <span class='ocrx_word' id='word_1_195' title='bbox 2124 3718 2537 3785; x_wconf 78' lang='lat' dir='ltr'><strong>forisfactura</strong></span> <span class='ocrx_word' id='word_1_196' title='bbox 2598 3720 2945 3785; x_wconf 80' lang='lat' dir='ltr'><strong>annuatim</strong></span> <span class='ocrx_word' id='word_1_197' title='bbox 2998 3721 3081 3785; x_wconf 86' lang='lat' dir='ltr'><strong>ad</strong></span> 
     </span>
     <span class='ocr_line' id='line_1_29' title="bbox 987 3819 3079 3908; baseline 0.001 -23"><span class='ocrx_word' id='word_1_198' title='bbox 987 3819 1379 3885; x_wconf 78' lang='lat' dir='ltr'><strong>scaccarium</strong></span> <span class='ocrx_word' id='word_1_199' title='bbox 1423 3824 1722 3884; x_wconf 81' lang='lat' dir='ltr'><strong>nostrum</strong></span> <span class='ocrx_word' id='word_1_200' title='bbox 1768 3819 1833 3885; x_wconf 88' lang='lat' dir='ltr'><strong>S.</strong></span> <span class='ocrx_word' id='word_1_201' title='bbox 1874 3819 2213 3885; x_wconf 74' lang='lat' dir='ltr'><strong>Michaelis</strong></span> <span class='ocrx_word' id='word_1_202' title='bbox 2255 3842 2373 3908; x_wconf 90' lang='lat' dir='ltr'><strong>per</strong></span> <span class='ocrx_word' id='word_1_203' title='bbox 2410 3843 2645 3887; x_wconf 87' lang='lat' dir='ltr'><strong>manus</strong></span> <span class='ocrx_word' id='word_1_204' title='bbox 2688 3821 3079 3888; x_wconf 80' lang='lat' dir='ltr'><strong>ballivorum</strong></span> 
     </span>
     <span class='ocr_line' id='line_1_30' title="bbox 985 3922 3083 4013; baseline 0.002 -25"><span class='ocrx_word' id='word_1_205' title='bbox 985 3923 1320 4009; x_wconf 74' lang='lat' dir='ltr'><strong>praedictae</strong></span> <span class='ocrx_word' id='word_1_206' title='bbox 1359 3922 1538 3988; x_wconf 85' lang='lat' dir='ltr'><strong>villae</strong></span> <span class='ocrx_word' id='word_1_207' title='bbox 1585 3922 1865 3988; x_wconf 84' lang='lat' dir='ltr'><strong>Oxoniae</strong></span> <span class='ocrx_word' id='word_1_208' title='bbox 1894 3923 2201 3988; x_wconf 90' lang='lat' dir='ltr'><strong>volumus</strong></span> <span class='ocrx_word' id='word_1_209' title='bbox 2237 3925 2630 4011; x_wconf 87' lang='lat' dir='ltr'><strong>responderi,</strong></span> <span class='ocrx_word' id='word_1_210' title='bbox 2662 3930 2733 3991; x_wconf 87' lang='lat' dir='ltr'><strong>et</strong></span> <span class='ocrx_word' id='word_1_211' title='bbox 2774 3947 2897 4013; x_wconf 90' lang='lat' dir='ltr'><strong>pro</strong></span> <span class='ocrx_word' id='word_1_212' title='bbox 2940 3929 3083 4013; x_wconf 90' lang='lat' dir='ltr'><strong>qui-</strong></span> 
     </span>
     <span class='ocr_line' id='line_1_31' title="bbox 987 4024 3083 4095; baseline 0.001 -5"><span class='ocrx_word' id='word_1_213' title='bbox 987 4026 1112 4091; x_wconf 90' lang='lat' dir='ltr'><strong>bus</strong></span> <span class='ocrx_word' id='word_1_214' title='bbox 1171 4024 1575 4091; x_wconf 84' lang='lat' dir='ltr'><strong>concessione</strong></span> <span class='ocrx_word' id='word_1_215' title='bbox 1620 4030 1690 4089; x_wconf 85' lang='lat' dir='ltr'><strong>et</strong></span> <span class='ocrx_word' id='word_1_216' title='bbox 1735 4026 2229 4091; x_wconf 83' lang='lat' dir='ltr'><strong>confirmatione</strong></span> <span class='ocrx_word' id='word_1_217' title='bbox 2280 4027 2443 4092; x_wconf 86' lang='lat' dir='ltr'><strong>dicti</strong></span> <span class='ocrx_word' id='word_1_218' title='bbox 2490 4028 2963 4094; x_wconf 84' lang='lat' dir='ltr'><strong>cordewanarii</strong></span> <span class='ocrx_word' id='word_1_219' title='bbox 3019 4034 3083 4095; x_wconf 81' lang='lat' dir='ltr'><strong>et</strong></span> 
     </span>
     <span class='ocr_line' id='line_1_32' title="bbox 988 4127 3083 4213; baseline 0.002 -19"><span class='ocrx_word' id='word_1_220' title='bbox 988 4127 1386 4213; x_wconf 83' lang='lat' dir='ltr'><strong>corveysarii</strong></span> <span class='ocrx_word' id='word_1_221' title='bbox 1430 4133 1499 4192; x_wconf 86' lang='lat' dir='ltr'><strong>et</strong></span> <span class='ocrx_word' id='word_1_222' title='bbox 1549 4148 1942 4193; x_wconf 86' lang='lat' dir='ltr'><strong>successores</strong></span> <span class='ocrx_word' id='word_1_223' title='bbox 2001 4129 2104 4193; x_wconf 90' lang='lat' dir='ltr'><strong>sui</strong></span> <span class='ocrx_word' id='word_1_224' title='bbox 2163 4128 2443 4194; x_wconf 85' lang='lat' dir='ltr'><strong>reddent</strong></span> <span class='ocrx_word' id='word_1_225' title='bbox 2500 4130 2695 4195; x_wconf 89' lang='lat' dir='ltr'><strong>nobis</strong></span> <span class='ocrx_word' id='word_1_226' title='bbox 2754 4137 2825 4196; x_wconf 88' lang='lat' dir='ltr'><strong>et</strong></span> <span class='ocrx_word' id='word_1_227' title='bbox 2883 4131 3083 4198; x_wconf 87' lang='lat' dir='ltr'><strong>haere-</strong></span> 
     </span>
     <span class='ocr_line' id='line_1_33' title="bbox 989 4229 3083 4317; baseline 0.002 -23"><span class='ocrx_word' id='word_1_228' title='bbox 989 4229 1186 4295; x_wconf 88' lang='lat' dir='ltr'><strong>dibus</strong></span> <span class='ocrx_word' id='word_1_229' title='bbox 1257 4229 1504 4294; x_wconf 89' lang='lat' dir='ltr'><strong>nostris</strong></span> <span class='ocrx_word' id='word_1_230' title='bbox 1567 4229 1846 4317; x_wconf 85' lang='lat' dir='ltr'><strong>singulis</strong></span> <span class='ocrx_word' id='word_1_231' title='bbox 1912 4230 2107 4295; x_wconf 81' lang='lat' dir='ltr'><strong>annis</strong></span> <span class='ocrx_word' id='word_1_232' title='bbox 2167 4230 2254 4295; x_wconf 85' lang='lat' dir='ltr'><strong>ad</strong></span> <span class='ocrx_word' id='word_1_233' title='bbox 2316 4233 2708 4297; x_wconf 85' lang='lat' dir='ltr'><strong>scaccarium</strong></span> <span class='ocrx_word' id='word_1_234' title='bbox 2784 4240 3083 4299; x_wconf 85' lang='lat' dir='ltr'><strong>nostrum</strong></span> 
     </span>
     <span class='ocr_line' id='line_1_34' title="bbox 991 4330 3084 4424; baseline 0.001 -26"><span class='ocrx_word' id='word_1_235' title='bbox 991 4332 1056 4398; x_wconf 89' lang='lat' dir='ltr'><strong>S.</strong></span> <span class='ocrx_word' id='word_1_236' title='bbox 1104 4331 1458 4412; x_wconf 84' lang='lat' dir='ltr'><strong>Michaelis,</strong></span> <span class='ocrx_word' id='word_1_237' title='bbox 1500 4330 1678 4397; x_wconf 86' lang='lat' dir='ltr'><strong>ultra</strong></span> <span class='ocrx_word' id='word_1_238' title='bbox 1720 4354 1921 4397; x_wconf 84' lang='lat' dir='ltr'><strong>unam</strong></span> <span class='ocrx_word' id='word_1_239' title='bbox 1967 4333 2227 4398; x_wconf 89' lang='lat' dir='ltr'><strong>unciam</strong></span> <span class='ocrx_word' id='word_1_240' title='bbox 2273 4335 2420 4399; x_wconf 85' lang='lat' dir='ltr'><strong>auri</strong></span> <span class='ocrx_word' id='word_1_241' title='bbox 2472 4339 2543 4399; x_wconf 86' lang='lat' dir='ltr'><strong>et</strong></span> <span class='ocrx_word' id='word_1_242' title='bbox 2600 4334 2892 4424; x_wconf 85' lang='lat' dir='ltr'><strong>quinque</strong></span> <span class='ocrx_word' id='word_1_243' title='bbox 2936 4335 3084 4402; x_wconf 90' lang='lat' dir='ltr'><strong>soli-</strong></span> 
     </span>
     <span class='ocr_line' id='line_1_35' title="bbox 991 4434 3086 4521; baseline 0.002 -23"><span class='ocrx_word' id='word_1_244' title='bbox 991 4434 1125 4513; x_wconf 84' lang='lat' dir='ltr'><strong>dos,</strong></span> <span class='ocrx_word' id='word_1_245' title='bbox 1173 4454 1336 4520; x_wconf 92' lang='lat' dir='ltr'><strong>quos</strong></span> <span class='ocrx_word' id='word_1_246' title='bbox 1385 4434 1576 4499; x_wconf 90' lang='lat' dir='ltr'><strong>nobis</strong></span> <span class='ocrx_word' id='word_1_247' title='bbox 1635 4434 2008 4521; x_wconf 84' lang='lat' dir='ltr'><strong>antiquitus</strong></span> <span class='ocrx_word' id='word_1_248' title='bbox 2068 4435 2320 4501; x_wconf 88' lang='lat' dir='ltr'><strong>solvere</strong></span> <span class='ocrx_word' id='word_1_249' title='bbox 2377 4442 2881 4517; x_wconf 84' lang='lat' dir='ltr'><strong>consueverunt,</strong></span> <span class='ocrx_word' id='word_1_250' title='bbox 2924 4438 3086 4503; x_wconf 85' lang='lat' dir='ltr'><strong>duos</strong></span> 
     </span>
     <span class='ocr_line' id='line_1_36' title="bbox 991 4535 3085 4627; baseline 0.002 -25"><span class='ocrx_word' id='word_1_251' title='bbox 991 4535 1233 4602; x_wconf 89' lang='lat' dir='ltr'><strong>solidos</strong></span> <span class='ocrx_word' id='word_1_252' title='bbox 1296 4536 1378 4601; x_wconf 91' lang='lat' dir='ltr'><strong>de</strong></span> <span class='ocrx_word' id='word_1_253' title='bbox 1443 4536 1846 4603; x_wconf 83' lang='lat' dir='ltr'><strong>incremento</strong></span> <span class='ocrx_word' id='word_1_254' title='bbox 1897 4538 1971 4601; x_wconf 93' lang='lat' dir='ltr'><strong>in</strong></span> <span class='ocrx_word' id='word_1_255' title='bbox 2028 4544 2440 4625; x_wconf 87' lang='lat' dir='ltr'><strong>perpetuum,</strong></span> <span class='ocrx_word' id='word_1_256' title='bbox 2507 4545 2703 4627; x_wconf 85' lang='lat' dir='ltr'><strong>prout</strong></span> <span class='ocrx_word' id='word_1_257' title='bbox 2764 4542 2839 4605; x_wconf 91' lang='lat' dir='ltr'><strong>in</strong></span> <span class='ocrx_word' id='word_1_258' title='bbox 2906 4547 3085 4607; x_wconf 82' lang='lat' dir='ltr'><strong>carta</strong></span> 
     </span>
     <span class='ocr_line' id='line_1_37' title="bbox 991 4638 3083 4729; baseline 0.002 -26"><span class='ocrx_word' id='word_1_259' title='bbox 991 4642 1220 4703; x_wconf 84' lang='lat' dir='ltr'><strong>nostra</strong></span> <span class='ocrx_word' id='word_1_260' title='bbox 1279 4640 1374 4703; x_wconf 91' lang='lat' dir='ltr'><strong>eis</strong></span> <span class='ocrx_word' id='word_1_261' title='bbox 1430 4639 1586 4703; x_wconf 90' lang='lat' dir='ltr'><strong>inde</strong></span> <span class='ocrx_word' id='word_1_262' title='bbox 1647 4638 1944 4705; x_wconf 85' lang='lat' dir='ltr'><strong>confecta</strong></span> <span class='ocrx_word' id='word_1_263' title='bbox 2001 4640 2261 4726; x_wconf 88' lang='lat' dir='ltr'><strong>plenius</strong></span> <span class='ocrx_word' id='word_1_264' title='bbox 2322 4642 2739 4723; x_wconf 81' lang='lat' dir='ltr'><strong>continetur3</strong></span> <span class='ocrx_word' id='word_1_265' title='bbox 2810 4664 2889 4709; x_wconf 91' lang='lat' dir='ltr'><strong>ac</strong></span> <span class='ocrx_word' id='word_1_266' title='bbox 2944 4644 3083 4729; x_wconf 90' lang='lat' dir='ltr'><strong>jam</strong></span> 
     </span>
     <span class='ocr_line' id='line_1_38' title="bbox 993 4741 3085 4824; baseline 0.003 -19"><span class='ocrx_word' id='word_1_267' title='bbox 993 4763 1074 4805; x_wconf 86' lang='lat' dir='ltr'><strong>ex</strong></span> <span class='ocrx_word' id='word_1_268' title='bbox 1137 4745 1324 4824; x_wconf 81' lang='lat' dir='ltr'><strong>parte</strong></span> <span class='ocrx_word' id='word_1_269' title='bbox 1392 4741 1781 4806; x_wconf 83' lang='lat' dir='ltr'><strong>dilectorum</strong></span> <span class='ocrx_word' id='word_1_270' title='bbox 1846 4742 2034 4807; x_wconf 89' lang='lat' dir='ltr'><strong>nobis</strong></span> <span class='ocrx_word' id='word_1_271' title='bbox 2099 4744 2169 4808; x_wconf 89' lang='lat' dir='ltr'><strong>in</strong></span> <span class='ocrx_word' id='word_1_272' title='bbox 2240 4744 2503 4810; x_wconf 84' lang='lat' dir='ltr'><strong>Christo</strong></span> <span class='ocrx_word' id='word_1_273' title='bbox 2574 4746 2961 4810; x_wconf 82' lang='lat' dir='ltr'><strong>Cancellarii</strong></span> <span class='ocrx_word' id='word_1_274' title='bbox 3020 4750 3085 4811; x_wconf 92' lang='lat' dir='ltr'><strong>et</strong></span> 
     </span>
     <span class='ocr_line' id='line_1_39' title="bbox 995 4842 3085 4915; baseline 0.002 -4"><span class='ocrx_word' id='word_1_275' title='bbox 995 4842 1398 4911; x_wconf 85' lang='lat' dir='ltr'><strong>Scholarium</strong></span> <span class='ocrx_word' id='word_1_276' title='bbox 1451 4842 1931 4911; x_wconf 83' lang='lat' dir='ltr'><strong>Universitatis</strong></span> <span class='ocrx_word' id='word_1_277' title='bbox 1995 4845 2271 4912; x_wconf 81' lang='lat' dir='ltr'><strong>Oxoniae</strong></span> <span class='ocrx_word' id='word_1_278' title='bbox 2338 4848 2530 4913; x_wconf 87' lang='lat' dir='ltr'><strong>nobis</strong></span> <span class='ocrx_word' id='word_1_279' title='bbox 2592 4848 2684 4914; x_wconf 90' lang='lat' dir='ltr'><strong>sit</strong></span> <span class='ocrx_word' id='word_1_280' title='bbox 2753 4852 3085 4915; x_wconf 87' lang='lat' dir='ltr'><strong>ostensum</strong></span> 
     </span>
    </p>
   </div>
  </div>
 </body>
</html>
