3466 5635
427 3867 794 3924 Ans-101&

839 820 970 887 624
1401 830 1576 883 Act-A
1621 831 1857 883 cunm
1898 830 2379 881 cANOELLARII.

929 1014 980 1080 I
977 1020 1122 1093 tem,
1167 1014 1314 1103 lego
1358 1014 1596 1081 Aliciae
1657 1015 1864 1081 sorori
1932 1036 2097 1081 meae
2156 1018 2292 1080 tres
2352 1013 2597 1081 solidos
2654 1016 2941 1099 quatuor

838 1116 1182 1196 denarios3

927 1218 1116 1298 Item,
1158 1219 1308 1306 lego
1369 1220 1552 1307 Roys
1593 1218 1789 1285 fratri
1832 1240 1979 1284 meo
2022 1240 2225 1283 unam
2272 1217 2513 1284 obbam
2574 1239 2693 1303 pro
2736 1214 2939 1291 vin03

923 1320 1122 1399 Item,
1165 1320 1312 1409 lego
1356 1320 1713 1388 Wilhslmo
1770 1319 2111 1407 capellano
2155 1320 2405 1385 ibidem
2450 1340 2655 1385 unam
2701 1316 2943 1383 obbam

835 1444 956 1509 pro
1001 1445 1162 1489 vmo
1192 1444 1208 1501 ;

925 1523 976 1589 I
971 1530 1120 1605 tem,
1165 1524 1312 1611 lego
1357 1524 1634 1591 cuilibet
1679 1544 2035 1611 puerorum
2078 1544 2375 1590 meorum
2419 1544 2629 1589 unum
2678 1524 2943 1607 quarte-

837 1625 1012 1690 rium
1054 1624 1282 1691 hordei
1328 1629 1396 1692 st
1441 1624 1792 1691 dimidium
1834 1626 2151 1711 quarterii
2194 1624 2557 1706 frumenti3
2810 1664 2825 1687 .

930 1726 1124 1806 Item,
1168 1726 1316 1815 lego
1357 1726 1406 1793 J
1407 1726 1654 1794 ohanni
1698 1726 1975 1793 Weston
2024 1727 2191 1794 duas
2234 1727 2439 1793 obbas
2482 1747 2603 1813 pro
2646 1725 2854 1803 vino;

927 1828 980 1894 I
973 1834 1122 1909 tem„
1203 1828 1352 1917 lego
1436 1830 1728 1895 Roberto
1812 1827 2011 1914 Roys,
2122 1837 2155 1865 “
2180 1826 2589 1915 conpater?
2678 1832 2943 1893 centum

840 1936 877 1967 “
921 1928 1188 2011 lathes,”
1275 1951 1424 1997 cum
1491 1930 1710 1997 tribus
1772 1930 1975 2017 peciis
2032 1930 2115 1997 de
2181 1930 2511 2008 meremi0‚
2570 1951 2647 1995 ac
2721 1934 2942 1993 totum

839 2030 1064 2097 fenum
1107 2052 1454 2098 remanens
1497 2032 1571 2096 in
1613 2030 1873 2097 stabulo
1921 2030 2083 2097 dicti
2129 2030 2421 2097 Roberti.

929 2132 978 2199 I
977 2139 1126 2213 tom,
1156 2131 1304 2219 lego
1339 2133 1532 2199 uxori
1563 2132 1722 2198 dicti
1757 2132 2035 2199 Roberti
2080 2133 2407 2219 optimum
2450 2155 2572 2219 par
2612 2130 2948 2197 linteami-

841 2256 1021 2315 num,
1067 2256 1217 2320 quae
1261 2234 1473 2301 habeo
1515 2234 1692 2300 infra
1737 2231 2268 2301 Universitatem
2314 2232 2636 2309 Oxoniae3

931 2335 1124 2414 Item,
1170 2336 1322 2401 volo
1367 2336 1563 2422 quod,
1610 2336 1668 2400 si
1712 2334 1956 2421 aliquis
1996 2356 2351 2423 puerorum
2395 2354 2689 2401 meorum
2736 2334 2949 2400 deces-

841 2436 1003 2503 serit
1047 2437 1121 2503 in
1165 2434 1287 2503 hoc
1317 2441 1611 2523 tempore
1653 2435 2075 2523 pestilentias,
2108 2434 2215 2503 vel
2243 2436 2419 2502 infra
2456 2458 2707 2502 annum
2750 2457 2952 2522 prox-

843 2538 978 2603 ime
1047 2542 1450 2625 sequentem,
1497 2542 1660 2605 tunc
1726 2539 1906 2629 dicta
1966 2539 2189 2625 legata
2250 2538 2513 2617 eisdem,
2560 2560 2679 2603 seu
2722 2559 2949 2605 eorum

843 2639 1045 2705 alicui
1085 2638 1319 2705 relicta
1361 2639 1853 2709 distribuantur
1896 2661 2014 2727 pro
2042 2641 2267 2706 anima
2310 2661 2475 2721 mea,
2507 2639 2735 2706 uxoris
2764 2660 2947 2716 meae,

842 2761 920 2807 ac
961 2739 1253 2806 filiorum
1298 2740 1716 2828 filiarumque
1760 2763 2100 2824 meorum;

936 2841 1137 2922 Item,
1181 2843 1336 2909 volo
1381 2843 1578 2930 quod,
1623 2843 1680 2908 si
1725 2843 1903 2910 bona
1946 2849 2097 2932 post
2140 2843 2370 2911 debita
2431 2844 2649 2909 soluta
2699 2843 2948 2932 legata-

841 2965 970 3032 que
1014 2943 1359 3010 satisfacta
1403 2944 1761 3010 extendere
1788 2950 2083 3032 possunt,
2118 2945 2355 3033 [quod]
2386 2950 2767 3012 executores
2820 2947 2955 3010 mei

841 3045 1197 3114 inveniant
1239 3067 1452 3112 unum
1498 3046 1959 3135 presbyterum
1986 3047 2301 3114 idoneum
2344 3047 2784 3114 celebrantem
2828 3068 2950 3134 pro

841 3147 1069 3213 anima
1113 3169 1262 3214 mea
1303 3169 1420 3234 per
1462 3169 1714 3214 annum
1743 3172 1763 3228 ;

933 3246 1124 3329 Item,
1172 3249 1256 3315 do
1304 3255 1375 3315 et
1417 3248 1566 3337 lego
1604 3250 1921 3338 praedicto
1965 3250 2012 3316 J
2014 3251 2264 3317 ohanni
2308 3252 2586 3318 Weston
2614 3257 2951 3317 tenemen-

844 3355 993 3416 tum
1037 3371 1276 3430 meum,
1323 3372 1472 3418 cum
1533 3351 1975 3438 pertinentiis,
2022 3351 2093 3418 in
2160 3351 2438 3432 Oxonia,
2506 3353 2577 3418 in
2642 3351 2953 3440 parochia

847 3451 1075 3519 Beatae
1119 3452 1352 3520 Mariae
1396 3452 1695 3540 Virginis
1736 3452 1813 3518 in
1856 3454 2004 3520 vico
2050 3453 2133 3518 de
2178 3453 2619 3535 “camma''
2660 3454 2747 3520 sd
2791 3474 2953 3521 ven-

847 3553 1157 3636 dendum,
1223 3561 1294 3621 et
1357 3555 1704 3642 pecuniam
1769 3555 1926 3621 inde
1994 3555 2484 3643 percipiendam
2546 3577 2668 3643 pro
2730 3557 2954 3621 anima

846 3675 1012 3736 mea,
1043 3660 1114 3722 et
1157 3676 1279 3742 pro
1321 3656 1670 3722 animabus
1715 3656 2091 3744 parentium
2136 3662 2205 3724 et
2250 3655 2741 3724 bonefisctorum
2782 3678 2955 3723 meo-

847 3777 1016 3835 rum,
1059 3757 1148 3822 ad
1191 3756 1672 3844 disponendum
1714 3758 1784 3822 in
1834 3757 2140 3845 operibus
2184 3757 2593 3826 caritativis¹

939 3857 1127 3938 Item,
1159 3858 1246 3924 do
1290 3862 1360 3925 et
1402 3858 1548 3946 lego
1593 3860 1933 3926 antedicto
1965 3859 2014 3927 J
2016 3859 2266 3927 ohanni
2293 3860 2572 3927 Weston
2616 3863 2955 3927 tenemen-

849 3963 1002 4028 tum
1044 3981 1262 4026 meum
1311 3982 1462 4026 cum
1519 3959 1941 4048 pertinentiis
1986 3961 2058 4028 in
2117 3962 2428 4050 parochia
2473 3961 2537 4028 S.
2584 3961 2837 4049 AEgidii
2879 3963 2953 4026 in

851 4060 1170 4128 suburbio
1238 4061 1533 4142 Oxoniae‚
1577 4062 1903 4129 situatum
1964 4064 2145 4129 inter
2186 4068 2640 4156 tenementum
2686 4063 2953 4130 Ricardi

857 4167 894 4203 “
915 4169 989 4229 at
1034 4161 1219 4229 Seler
1240 4162 1273 4204 '·’
1318 4184 1404 4228 ex
1448 4168 1638 4251 parte
1666 4165 1945 4238 australi
1990 4171 2061 4231 et
2102 4165 2384 4230 fundum
2406 4165 2435 4203 ²
2478 4165 2735 4232 domini
2778 4165 2953 4252 regis

851 4284 938 4329 ex
978 4268 1169 4350 parts
1211 4264 1476 4346 boreali,
1505 4265 1594 4331 ad
1621 4265 2065 4350 vendendum,
2111 4272 2181 4332 et
2222 4266 2569 4354 pecuniam
2612 4266 2766 4333 inde
2809 4288 2957 4354 per-

921 4522 939 4555 ¹
961 4524 1244 4586 caritativa,
1265 4523 1380 4576 MS.
1951 4525 2065 4578 MS.
2080 4529 2151 4592 by
2167 4543 2200 4579 a
2211 4533 2597 4593 contemporary
2612 4525 2752 4578 hand
2764 4527 2847 4578 for
2862 4527 2958 4593 wf-

917 4601 1163 4667 ⁸fimdvm
1205 4601 1250 4654 is
1293 4619 1325 4655 a
1368 4603 1650 4657 coroection
1679 4603 1738 4655 in
1774 4605 1862 4658 the
1953 4605 2533 4668 tumwhiehiserased.
