3466 5635
452 1440 518 1493 B.
540 1446 590 1495 5.

307 1701 407 1758 'nze
422 1711 535 1756 ooth
549 1710 601 1753 or
614 1709 695 1753 tho

305 1764 483 1809 nater
498 1773 559 1805 on
576 1772 675 1813 pm-
712 1808 720 1816 ,

307 1814 493 1865 sentius
506 1822 537 1855 a
550 1810 703 1855 mndi-

305 1862 738 1914 dateforadogme.

308 2616 407 2660 The
548 2614 600 2657 of
610 2612 738 2657 audi-

309 2670 407 2712 tor·
423 2678 452 2710 o
485 2666 721 2711 accounts.

760 766 891 838 378
1090 782 1277 833 unm
1322 782 1782 833 ementur-11
1829 784 1912 833 ET
1959 781 2541 835 mocula-renuit.

759 964 981 1025 tamen
1023 956 1345 1024 laudabili
1373 955 1784 1043 depositione
1829 956 2298 1045 Magistrorum
2327 957 2412 1022 de
2455 955 2748 1022 moribus
2786 960 2859 1020 et

761 1060 1053 1141 scientia,
1121 1064 1203 1125 ut
1258 1058 1332 1124 iu
1388 1057 1956 1126 licentiationibus
2019 1081 2156 1127 suae
2231 1058 2573 1126 facultatis
2637 1056 2857 1125 fuerat

760 1162 1113 1229 honorifice
1156 1166 1559 1228 consuetum.

758 1425 807 1492 J
810 1440 1252 1494 vammum
1322 1424 1844 1492 MAfflsrnomm
1915 1441 2424 1492 Darou-emma
2469 1440 2546 1489 m
2590 1437 2858 1500 ALIQUA

1584 1526 2023 1595 rAcmTAm¹

852 1694 887 1721 “
917 1685 1255 1773 Magister,
1284 1684 1387 1750 Tu
1432 1684 1607 1751 dices
1650 1684 1725 1749 in
1765 1684 1898 1750 fide
1943 1684 2390 1750 Universitati
2421 1684 2739 1771 praestita,
2771 1704 2858 1749 an

760 1796 794 1823 “
838 1788 963 1855 seis
992 1795 1111 1856 aut
1138 1787 1353 1854 eredis
1391 1788 1568 1855 hune
1596 1787 1818 1854 virum
1845 1792 2080 1876 aptum
2111 1792 2181 1853 et
2209 1787 2522 1854 idoneum
2565 1786 2858 1853 moribus

758 1898 797 1928 “
843 1896 913 1958 et
980 1891 1256 1958 seientia
1321 1892 1407 1957 ad
1468 1913 1619 1957 eum
1680 1891 1962 1979 gradum
2013 1891 2100 1956 ad
2144 1912 2340 1977 quem
2401 1894 2858 1977 praesentatur,

760 2002 797 2032 “
843 1996 966 2061 sub
1026 1994 1237 2059 forma
1306 2016 1439 2081 qua
1494 1999 1954 2081 praesentatur,
2037 1999 2107 2059 et
2170 1994 2295 2059 hoe
2359 1993 2491 2060 fide
2559 1992 2860 2081 praeetita

758 2104 798 2136 “
844 2094 1348 2165 Universitati.”

760 2338 808 2408 J
810 2352 1253 2406 nmmum
1314 2354 1802 2405 Pmrmnuu
1866 2352 2340 2403 Aunrromnus
2382 2352 2860 2403 commonuit

1164 2441 1651 2520 CANCELLARII,
1699 2441 2290 2519 Pnoommonuu,
2333 2456 2474 2506 me.

851 2606 891 2637 “
916 2600 1023 2681 N„
1056 2600 1159 2665 Tu
1178 2600 1438 2686 jurabis
1468 2598 1645 2687 quod
1686 2598 1914 2663 audies
1943 2596 2251 2664 strictum
2295 2602 2365 2663 et
2393 2597 2655 2663 fidelem
2685 2616 2861 2661 oom-

761 2710 795 2742 ‘·
838 2708 1097 2792 putum,
1139 2724 1262 2769 nee
1305 2700 1617 2769 allooabis
1661 2700 1794 2766 nisi
1853 2722 2001 2787 quae
2054 2700 2400 2768 alloeanda
2461 2704 2639 2779 sunt,
2683 2705 2863 2789 post-

756 2814 791 2844 “
842 2806 1079 2896 positis
1121 2805 1369 2886 fraude,
1414 2805 1581 2885 dole,
1636 2828 1856 2872 amore
1901 2811 1970 2873 et
2025 2805 2324 2888 invidia3
2365 2804 2484 2872 sed
2529 2806 2862 2872 duntaxat

764 2920 797 2948 “
846 2912 917 2977 id
963 2909 1274 2976 allomhis
1289 2907 1319 2945 ²
1367 2909 1544 2995 quod
1587 2908 1853 2975 auocari
1889 2909 2148 2995 justum
2215 2913 2333 2989 est,
2394 2909 2596 2996 idque
2665 2909 2862 2974 facies

764 3024 800 3052 “
845 3016 928 3080 de
980 3014 1286 3081 omnibus
1330 3034 1479 3100 quae
1566 3063 1583 3078 .
1675 3064 1691 3078 .
1779 3063 1795 3078 .
1883 3063 1898 3078 .
1997 3017 2382 3100 computata
2425 3018 2639 3092 erunt,
2685 3012 2858 3078 sicut

764 3129 797 3155 “
844 3119 1026 3184 Deus
1070 3119 1137 3182 te
1154 3115 1182 3154 ³
1224 3115 1573 3203 adjuvabit
1618 3120 1686 3182 et
1733 3114 2162 3183 Sacrosaneta
2213 3119 2396 3182 tacta
2441 3114 2859 3204 Evangelia.”

805 3376 1302 3444 JURAMENTUM
1360 3392 1918 3444 EXAMINATORUM
1985 3395 2062 3444 IN
2110 3378 2816 3448 CONGREGATIONIBUS

1672 3497 1954 3548 MAGNIS.

856 3643 893 3670 “
938 3633 1277 3722 Magister,
1308 3633 1413 3699 Tu
1446 3633 1705 3719 jurabis
1752 3634 1931 3720 quod
1971 3633 2092 3700 hos
2122 3635 2434 3701 articulos
2462 3635 2745 3702 fideliter
2791 3642 2860 3702 et

762 3748 794 3774 “
837 3739 1088 3805 sineere
1132 3736 1559 3815 examinabiS,
1590 3742 1661 3802 et
1704 3759 1826 3803 nee
1869 3759 2074 3824 prece,
2104 3761 2224 3805 nee
2265 3740 2498 3827 preti0,
2527 3762 2648 3806 nec
2693 3741 2859 3818 odiu,

761 3852 797 3879 ‘⁸
840 3863 962 3908 nee
1004 3839 1315 3919 amicitia,
1348 3841 1603 3919 timore,
1635 3862 1757 3906 nee
1799 3863 1913 3928 spe
1941 3847 2210 3929 propter
2251 3843 2543 3929 aliquam
2588 3845 2860 3930 promis-

764 3953 799 3982 “
843 3947 1093 4011 sionem
1164 3945 1276 4011 vel
1348 3945 1944 4010 remunerationem
2011 3943 2251 4009 factam
2323 3944 2434 4010 vel
2499 3945 2860 4012 faciendam

761 4059 795 4084 “
840 4048 1192 4135 quicquam
1222 4047 1398 4113 diees
1426 4051 1547 4112 aut
1590 4047 1674 4112 ab
1705 4047 1856 4111 aliis
1885 4045 2016 4112 dici
2055 4049 2470 4135 procurabis3
2515 4050 2649 4130 sed,
2682 4051 2862 4116 omni

759 4159 793 4189 “
841 4152 1064 4217 favore
1106 4172 1533 4238 personarum
1580 4151 1708 4238 [et]
1757 4150 2244 4216 commodorum
2289 4153 2671 4238 postpositO,
2718 4177 2863 4219 sen-

759 4266 794 4292 “
840 4255 1121 4321 tentiam
1151 4258 1338 4319 tuam
1378 4253 1719 4333 revelabiS,
1750 4253 1925 4318 sicut
1966 4258 2037 4317 te
2081 4251 2263 4318 Deus
2307 4253 2601 4339 adjuvet,
2631 4261 2701 4322 et
2745 4257 2862 4322 Sa-

760 4367 793 4394 “
838 4361 1179 4424 erosanota
1222 4361 1403 4422 taeta
1449 4354 1871 4443 Evangelia.”

828 4606 843 4636 ¹
870 4604 1036 4656 These
1081 4604 1226 4656 oaths
1264 4617 1350 4654 are
1384 4603 1455 4652 all
1491 4602 1547 4652 in
1584 4619 1617 4653 a
1663 4603 1764 4654 late
1923 4605 1944 4634 ²
1965 4602 2252 4668 allambitis,
2275 4605 2336 4656 B.

760 4684 1122 4750 handvfiting,
1165 4685 1255 4734 but
1293 4698 1379 4734 are
1415 4682 1678 4748 evidently
1710 4683 1772 4734 of
1924 4682 1945 4712 ⁸
1965 4698 2064 4746 voe,
2085 4681 2201 4734 MS.

762 4765 965 4818 ancient
986 4767 1119 4816 date.
