3466 5635
945 833 1078 905 '782
1762 847 2119 900 Arrnnmx
2164 851 2221 902 n

1031 1024 1326 1105 Quorum
1386 1029 1669 1112 quatuor
1727 1023 2197 1110 Magistrorum
2248 1041 2421 1086 unus
2464 1020 2555 1086 sit
2598 1022 2899 1088 sacerdos
2956 1023 3045 1088 ad

937 1148 1174 1194 mmus,

1030 1228 1160 1296 Isti
1223 1228 1493 1315 quidem
1544 1231 1831 1315 quatuor
1890 1226 2203 1314 Magistri
2260 1225 2509 1314 singuli
2550 1247 2673 1313 pro
2718 1231 3047 1294 sustenta-

937 1331 1120 1397 tione
1166 1353 1287 1396 sua
1329 1328 1819 1417 quinquaginta
1860 1329 2101 1396 solidos
2146 1329 2614 1416 sterlingorum
2659 1350 2919 1395 annuos
2962 1329 3043 1396 de

931 1433 1074 1520 jam
1120 1431 1360 1520 emptis
1403 1431 1773 1499 redditibus
1818 1435 1977 1498 sunt
2020 1430 2372 1520 accepturi.

1031 1535 1228 1601 Unus
1271 1537 1497 1600 autem
1541 1555 1785 1613 eorum,
1833 1533 1967 1620 qui,
2012 1555 2171 1630 una‘
2190 1555 2339 1599 cum
2386 1533 2677 1619 quodam
2720 1533 3041 1621 Magistro

936 1639 1011 1702 in
1039 1636 1296 1703 artibus
1339 1641 1608 1724 regente
1651 1637 1869 1724 ipsum
1904 1635 2209 1721 juvante,
2248 1635 2553 1701 redditus
2596 1639 2855 1722 emptos
2898 1657 3040 1702 cus-

937 1739 1168 1816 todiet,
1211 1744 1281 1806 et
1327 1739 1726 1826 emptionem
1770 1739 2050 1804 aliorum
2093 1738 2476 1805 reddituum
2518 1737 2920 1825 procurabit,
2970 1744 3040 1804 et

935 1841 1204 1929 negotia
1256 1840 1593 1918 tractabit,
1653 1840 2088 1927 promovebit,
2141 1845 2212 1906 et
2256 1845 2636 1926 exequetur,
2682 1844 2753 1906 et
2812 1863 3040 1928 procu-

936 1947 1120 2009 rator
1162 1943 1307 2023 erit,
1351 1941 1669 2031 percipiet
1727 1942 2212 2031 quinquaginta
2271 1942 2563 2029 quinque
2622 1941 2863 2009 solidos
2922 1966 3036 2010 an-

937 2067 1118 2124 nuos,
1163 2065 1500 2132 quousque
1543 2045 1793 2132 poterit
1838 2044 1968 2110 sibi
2012 2044 2294 2111 ulterius
2336 2044 2680 2132 provideri.

1028 2147 1298 2215 Praefati
1371 2168 1530 2213 vero
1607 2153 1897 2234 quatuor
1970 2147 2279 2234 Magistri
2380 2146 2581 2212 simul
2660 2144 3040 2214 habitantes

933 2250 1214 2317 audiant
1255 2249 1676 2336 theologiam,
1721 2256 1792 2315 et
1839 2251 2155 2337 poterunt
2212 2271 2350 2314 una
2408 2271 2557 2316 cum
2615 2249 2740 2315 hoc
2813 2249 3039 2315 audire

935 2353 1273 2419 decretum
1318 2356 1388 2417 et
1434 2351 1807 2430 decretales,
1852 2351 1911 2417 si
1954 2351 2085 2417 sibi
2127 2350 2423 2417 viderint
2468 2350 2793 2438 expedire.

1028 2455 1161 2536 Qui
1222 2455 1443 2532 etiam,
1492 2457 1819 2539 quantum
1878 2453 1966 2519 ad
2032 2452 2305 2520 modum
2364 2453 2641 2520 vivendi
2691 2458 2763 2519 et
2820 2453 3036 2520 addis-

935 2557 1145 2636 cendi,
1173 2578 1242 2622 se
1284 2559 1517 2643 gerent
1559 2556 1732 2623 sicut
1775 2557 1858 2621 iis
1892 2578 2009 2643 per
2048 2557 2303 2643 aliquos
2338 2557 2611 2623 idoneos
2640 2562 2711 2623 et
2740 2563 3037 2644 expertes

936 2659 1115 2725 viros
1157 2682 1199 2723 a
1245 2656 1648 2725 cancellario
1693 2658 2047 2745 deputatos
2092 2660 2361 2727 dicetur.
2452 2659 2526 2726 Si
2554 2681 2713 2726 vero
2752 2659 3035 2746 aliquem

936 2783 980 2827 a
1021 2760 1300 2848 praefata
1361 2760 1783 2848 perceptione
1828 2760 1941 2826 vel
1990 2759 2202 2829 officio
2260 2761 2539 2850 praefato
2588 2762 2883 2829 amoveri
2926 2761 3037 2828 de·

935 2864 1090 2929 bere
1135 2864 1502 2950 contingat,
1573 2884 1772 2949 super
1818 2864 1942 2929 hoc
1987 2863 2433 2932 cancellarius
2488 2886 2639 2930 cum
2698 2864 3037 2953 Magistris

939 2966 1287 3053 theologiae
1331 2962 1577 3030 habeat
1620 2969 2037 3052 potestatem.

1026 3067 1265 3135 Dictus
1323 3089 1480 3133 vero
1523 3074 1923 3155 procurator,
1967 3090 2105 3134 una
2148 3090 2299 3135 cum
2343 3068 2522 3135 dicto
2566 3068 2893 3157 Magistro
2934 3092 3035 3137 re-

935 3176 1135 3257 gente
1164 3170 1236 3235 in
1265 3167 1539 3247 artibus,
1585 3169 1899 3235 astrictus
1940 3170 2075 3236 fide
2111 3192 2242 3258 qua
2280 3175 2547 3237 tenetur
2578 3170 3039 3249 Universitati,

937 3290 1162 3338 curam
1206 3277 1496 3359 apponet
1540 3271 1712 3337 circa
1755 3272 2237 3359 reparationem
2290 3272 2635 3339 domorum
2693 3279 2763 3340 et
2824 3279 3037 3341 custo-

935 3376 1118 3442 diam
1157 3374 1532 3453 earundem,
1577 3380 1647 3441 et
1692 3374 2113 3461 diligentiam
2159 3396 2361 3462 quam
2402 3376 2651 3463 poterit
2695 3376 3036 3443 adhibebit

934 3483 1016 3544 ut
1055 3478 1334 3565 pecunia
1377 3476 1693 3543 distracta
1740 3476 2104 3565 colligatur,
2150 3500 2350 3564 quam
2392 3478 2766 3565 procurabit
2808 3480 3035 3567 reponi

933 3582 1010 3646 in
1053 3580 1220 3647 cista
1263 3602 1402 3646 una
1443 3580 1532 3645 ad
1574 3579 1867 3665 ejusdem
1911 3580 2209 3667 pecuniae
2268 3580 2635 3647 custodiam
2695 3582 3033 3669 deputata,

935 3682 1122 3767 cujus
1178 3682 1364 3749 cistae
1424 3682 1674 3748 clavem
1735 3704 1937 3747 unam
2004 3682 2280 3759 habebit
2333 3682 2795 3765 cancellarius,
2838 3684 3033 3750 aliam

933 3784 1151 3851 dictus
1180 3790 1583 3872 procurator,
1613 3784 1818 3850 tertia
1850 3784 2162 3851 tradatur
2206 3786 2405 3851 alicui
2449 3785 2660 3852 altero
2692 3785 3031 3874 Magistro,

935 3908 1136 3973 quem
1199 3885 1665 3955 Procuratores
1724 3886 2211 3954 Universitatis
2284 3888 2698 3955 decreverint
2762 3888 2850 3954 ad
2915 3888 3036 3955 hoc

932 3995 1183 4078 aptum.

1027 4092 1382 4160 Pecuniam
1427 4114 1584 4160 vero
1629 4092 1968 4159 collectam
2026 4094 2197 4160 nulli
2257 4094 2451 4161 liceat
2510 4096 2597 4160 ad
2655 4116 2815 4161 usus
2874 4094 3033 4161 alios

935 4196 1271 4283 deputare,
1316 4196 1448 4261 nisi
1491 4196 1579 4261 ad
1621 4194 1813 4261 illum
1856 4196 1972 4283 qui
2014 4196 2235 4263 flierat
2277 4197 2361 4264 de
2403 4196 2645 4264 ultima
2685 4196 3031 4263 voluntate

934 4298 1314 4380 testatoris;
1392 4320 1593 4386 quam
1637 4300 1771 4365 cito
1821 4320 1981 4365 vero
2026 4300 2247 4388 plures
2289 4298 2590 4365 redditus
2632 4299 2840 4387 empti
2900 4298 3033 4366 fue-

932 4402 1074 4467 rint
1115 4406 1441 4489 angeatur
1483 4424 1793 4469 numerus
1838 4407 1907 4469 et
1950 4401 2275 4469 exhibitio
2320 4401 2806 4489 Magistrorum.

1025 4502 1175 4570 Hoc
1217 4504 1420 4569 etiam
1466 4504 1944 4571 ordinaverunt
1984 4504 2148 4571 dicti
2194 4504 2520 4592 Magistri,
2567 4503 2745 4591 quod
2786 4504 2871 4569 de
2917 4504 3031 4570 do-

933 4606 1151 4671 mibus
1195 4605 1520 4673 dictorum
1566 4608 2035 4695 Magistrorum
2079 4628 2218 4674 non
2260 4606 2430 4673 fiant
2472 4605 2727 4685 scholae,
2770 4606 2905 4673 nisi
2949 4606 3029 4673 de

931 4710 1308 4777 eorumdem
1351 4730 1681 4779 consensu.
