3466 5635
1091 830 1266 882 AcrA
1311 832 1544 882 cumn
1589 832 2063 883 cmcnnmmr
2502 818 2635 890 657

615 1016 982 1083 Probatum
1025 1016 1158 1083 fuit
1201 1039 1488 1105 proesens
1531 1020 2029 1100 testamentum,
2073 1016 2291 1103 quoad
2338 1016 2511 1083 bona
2562 1019 2635 1083 in

524 1118 797 1205 collegio
849 1118 1148 1186 Lincoln:
1183 1118 1462 1187 Oxoniae
1492 1120 1865 1201 existentia,
1898 1141 2118 1186 coram
2146 1118 2341 1184 nobis
2382 1120 2637 1184 Thema

527 1220 912 1301 Saundrees,
957 1244 1289 1289 sacrorum
1335 1244 1664 1289 canonum
1708 1222 2087 1310 professore,
2138 1222 2449 1309 Magistri
2495 1222 2637 1287 Gil-

523 1323 698 1388 berti
747 1322 1058 1409 Kymere,
1107 1326 1179 1389 in
1237 1325 1580 1391 medicinis
1625 1326 1927 1403 doctoris,
1986 1324 2185 1411 hujus
2228 1324 2419 1390 almae
2466 1322 2639 1389 Uni-

525 1425 859 1491 versitatis
935 1424 1326 1493 cancellarii
1400 1427 1867 1493 Commissario
1941 1424 2251 1515 generali,
2320 1426 2635 1493 vicesimo

526 1527 739 1613 primo
797 1527 906 1594 die
966 1528 1209 1595 mensis
1268 1528 1669 1609 Decembris,
1732 1528 1928 1594 annis
1986 1526 2260 1593 Domini
2318 1530 2389 1594 et
2444 1524 2637 1615 regni

526 1628 699 1714 regis
743 1628 1196 1718 infrascriptis,
1243 1652 1320 1697 ac
1362 1650 1482 1719 per
1525 1652 1647 1697 nos
1697 1629 2158 1717 approbatum,
2205 1628 2632 1709 insufflatum,

525 1728 949 1818 legitimeque
978 1733 1488 1820 pronunciatum
1534 1754 1654 1820 pro
1683 1734 1915 1799 eodem
1942 1758 1959 1815 ;
2016 1732 2491 1818 commissaque
2536 1735 2637 1797 est

525 1832 1017 1899 administratio
1061 1836 1359 1901 omnium
1401 1836 1745 1917 bonorum,
1790 1837 1864 1903 in
1908 1834 2088 1900 dicto
2148 1834 2419 1920 collegio
2464 1833 2639 1899 exis-

523 1934 812 1999 tentium
855 1936 1031 2001 idem
1079 1940 1560 2003 testamentum
1589 1936 2142 2015 concernentium,
2175 1934 2637 2002 executoribus

523 2034 956 2125 infrascriptis
998 2038 1072 2106 in
1115 2039 1328 2103 forma
1361 2038 1534 2125 juris
1568 2038 1816 2124 juratis
1856 2043 1926 2103 et
1968 2036 2310 2103 admissis:
2360 2041 2431 2103 et
2474 2037 2637 2103 dicti

527 2144 906 2206 executores
935 2140 1224 2206 fideliter
1252 2145 1809 2228 computaverunt
1838 2160 1989 2205 cum
2017 2139 2229 2205 officio
2272 2143 2346 2203 et
2382 2138 2637 2204 dimissi

526 2245 702 2321 sunt,
746 2241 931 2308 salvo
965 2240 1120 2328 jure
1164 2240 1652 2328 cujuscunqu03
1704 2242 1793 2307 In
1820 2240 2023 2307 fidem
2068 2245 2137 2305 et
2179 2240 2639 2307 testimonium

528 2342 824 2409 omnium
881 2349 951 2411 et
1007 2346 1423 2433 singulorum
1482 2344 1990 2432 praemissorum,
2036 2342 2331 2429 sigillum
2385 2342 2639 2408 cancel-

527 2444 803 2512 lariatus
851 2446 1134 2514 Oxoniae
1180 2447 1516 2535 praedictae
1560 2446 1999 2534 praesentibus
2044 2444 2483 2533 apposuimus.

573 2786 1162 2857 Admzinietrators
1207 2788 1582 2959 αέοοὺηΐεᾶἰ
1627 2790 1707 2878 of
1742 2784 1846 2856 the
1876 2789 2081 2880 effecte
2127 2788 2208 2878 of
2254 2788 2343 2860 W.
2388 2788 2473 2855 M
2466 2788 2598 2878 yae

1373 2913 1514 2958 ease
1607 2889 1927 2958 &nte-state.

623 3060 974 3130 Universis
1017 3067 1246 3150 pateat
1289 3083 1406 3151 per
1451 3069 1830 3150 praesentes,
1883 3063 2061 3150 quod
2109 3061 2187 3129 N
2183 3083 2273 3144 os,
2321 3061 2642 3152 Magister
2729 3100 2800 3154 A.
2822 3116 2896 3152 „-
2926 3105 3035 3152 124·

532 3165 816 3231 Thomas
901 3166 1268 3244 Sawndres,
1347 3165 1761 3232 decretorum
1822 3164 2069 3244 doctor,
2136 3163 2638 3232 Oommissarius
2674 3193 2799 3246 Feb.
2825 3199 2905 3244 20,
2934 3197 3077 3244 1462.

530 3267 930 3332 venerabilis
987 3268 1120 3332 viri
1181 3267 1490 3354 Magistri
1552 3267 1841 3334 Gilberti
1902 3267 2181 3353 Kymer‚
2247 3267 2637 3334 Cancellarii

534 3370 1013 3438 Universitatis
1037 3370 1334 3449 oxoniae,
1356 3370 2001 3460 administrationem
2029 3370 2310 3435 liberam
2342 3369 2639 3436 omnium

528 3472 852 3538 bonorum
899 3472 1153 3538 domini
1207 3472 1549 3539 Wilhelmi
1593 3472 1803 3559 Mylle
1846 3473 2279 3538 existentium
2323 3469 2397 3536 in
2443 3471 2637 3538 domo

531 3573 600 3639 N
600 3575 842 3640 icholai
887 3576 1138 3655 Mason,
1170 3575 1420 3641 situata
1462 3576 1536 3640 in
1562 3575 1871 3662 parochia
1900 3574 1965 3642 S.
1998 3573 2294 3653 Martini,
2340 3573 2637 3652 Oxoniae,

529 3698 742 3765 nuper
819 3678 1162 3744 morientis
1219 3677 1542 3756 intestati,
1593 3677 1852 3743 dilectis
1933 3677 2125 3742 nobis
2212 3676 2288 3740 in
2372 3675 2637 3742 Christo

530 3779 577 3844 J
579 3780 828 3845 ohanni
887 3779 934 3844 J
937 3801 1124 3859 evan,
1187 3779 1435 3858 clericO,
1503 3784 1572 3846 et
1649 3779 1975 3845 Nicholao
2036 3779 2287 3859 Mason,
2351 3778 2637 3844 admini-

529 3881 922 3948 stratoribus
997 3883 1073 3946 in
1148 3882 1273 3946 hac
1345 3885 1536 3968 'parte
1614 3901 1700 3946 ex
1778 3879 1986 3947 officio
2052 3883 2280 3946 nostro
2338 3877 2636 3967 legitime

531 3984 884 4072 deputatis,
933 3984 1374 4051 commisimus
1419 3984 1493 4048 in
1545 3982 1777 4049 debita
1826 3982 2000 4068 juris
2058 3981 2287 4064 forma,
2333 3981 2635 4069 praestito

528 4087 840 4173 primitus
897 4085 984 4152 ab
1043 4087 1291 4153 eisdem
1341 4086 1726 4172 juramento
1788 4085 2124 4172 corporali,
2186 4083 2367 4170 quod
2418 4085 2638 4170 requi-

529 4189 702 4254 ritur
759 4190 832 4254 in
890 4189 1012 4254 hac
1058 4193 1266 4277 parte,
1321 4189 1568 4254 calculo
1629 4187 1772 4254 sive
1814 4185 2164 4253 ratiocinio
2210 4184 2637 4252 administra-

528 4291 732 4357 tionis
789 4291 864 4356 in
921 4291 1048 4356 hac
1104 4295 1295 4378 parte
1354 4291 1548 4357 nobis
1607 4289 1981 4377 specialiter
2046 4295 2425 4366 reservat03
2550 4287 2636 4352 In

528 4393 715 4479 cujus
771 4393 869 4459 rei
927 4393 1384 4459 testimonium
1443 4391 1737 4480 sigillum
1796 4391 1993 4458 officii
2037 4391 2248 4456 nostri
2291 4391 2635 4478 praesenti-

526 4497 653 4562 bus
697 4496 1136 4584 apposuimus

615 4597 884 4664 Datum
923 4597 1235 4664 ὐἰσοεὺηιο
1267 4595 1382 4664 dic
1409 4594 1670 4664 musis
1696 4591 2079 4674 Famam,
2115 4611 2309 4661 ammo
2336 4589 2636 4660 Domini

525 4697 894 4767 mammo
939 4699 1614 4788 quadsmmymteebnw
1658 4694 2225 4786 winquaycevhno
2268 4693 2581 4762 secumdo.

2162 4815 2205 4863 'r
2232 4815 2276 4863 ¹1·
2322 4801 2364 4862 2
