3466 5635
904 830 1032 892 542
1462 845 1630 892 Ao'rA
1679 845 1918 892 cunm
1964 843 2441 894 cancamum.

899 1034 1050 1114 post
1095 1029 1706 1094 mundificationem
1768 1032 1942 1093 stare
2003 1035 2295 1114 tempore
2340 1027 2706 1105 sufficienti,
2754 1029 2825 1092 in
2869 1049 3002 1113 quo

897 1128 1082 1195 faeees
1127 1129 1458 1196 cerevisiae
1505 1130 1895 1196 deseendere
1928 1130 2014 1195 ad
2054 1130 2336 1196 fundum
2375 1152 2703 1207 vasorum,
2738 1136 2809 1194 et
2844 1139 3004 1196 tune

897 1231 1075 1296 illam
1125 1231 1471 1298 mitterent
1514 1233 1609 1299 sio
1655 1231 2043 1298 defaecatam
2088 1233 2175 1298 ad
2218 1233 2362 1298 loca
2396 1233 2469 1297 in
2503 1231 3002 1311 Universitate3

897 1339 966 1398 et
1043 1334 1365 1400 Ricardus
1435 1335 1646 1400 Benet
1696 1333 1961 1419 juravit
2024 1340 2185 1399 tuno
2252 1335 2430 1420 quod
2497 1332 2809 1400 cerevisia.
2883 1356 3003 1399 sua

895 1441 1104 1500 staret
1185 1459 1303 1522 per
1378 1437 1724 1502 duodecim
1809 1436 2003 1502 horas
2068 1436 2141 1500 in
2204 1437 2597 1512 defaecandQ
2644 1441 2996 1522 antequam

894 1546 1268 1622 porta-retur
1325 1539 1397 1603 in
1459 1538 1678 1604 aulam
1740 1539 1882 1603 sive
1942 1539 2007 1603 in
2072 1538 2437 1625 collegium,
2486 1545 2553 1603 et
2628 1538 2805 1623 quod
2865 1559 2999 1602 non

891 1642 1133 1706 faceret
1186 1641 1548 1705 mixturam
1590 1641 1772 1707 faeois
1816 1663 1965 1704 oum
2012 1642 2328 1706 cerevisia
2371 1663 2575 1726 quum
2622 1645 3001 1726 portaretur

895 1743 962 1806 in
1011 1742 1150 1807 loca
1199 1741 1692 1808 Universitatis.

1387 1987 1516 2052 The
1551 1985 1942 2053 Oltamcellor
1971 1993 2035 2051 to
2066 1985 2134 2051 be
2166 1985 2507 2083 defended.

441 2149 592 2213 April
613 2155 662 2211 4,
690 2154 834 2200 1445.
985 2139 1065 2204 M
1061 2139 1532 2216 emmundum,
1599 2139 1777 2223 quod
1836 2159 2013 2203 anno
2074 2137 2344 2203 Domini
2398 2138 2744 2203 millesimo
2790 2140 2993 2224 quad-

439 2237 536 2330 3ῗῆ
551 2235 820 2330 ᾖῗζζῖἷᾞῆζ
895 2241 1364 2328 ringente-simo
1395 2240 1897 2327 quadragesimo
1942 2241 2195 2325 quint0,
2225 2241 2296 2304 in
2340 2241 2511 2306 festo
2544 2241 2607 2306 S.
2640 2241 2991 2322 Ambrosii,

440 2337 822 2440 ssfflfflffl'ffiffl
896 2367 983 2409 ex
1013 2344 1314 2409 unanimi
1342 2365 1663 2408 consensu
1695 2343 1987 2408 omnium
2026 2343 2491 2428 Magistrorum
2524 2343 2898 2428 regentium
2928 2351 2997 2410 et

437 2439 846 2533 ξῇἧξξξξξζῖζξῗξξ,
897 2447 1425 2532 non-regentium
1477 2445 1815 2511 decretum
1862 2451 1980 2524 est,
2028 2444 2205 2530 quod
2250 2445 2307 2509 si
2360 2445 2706 2532 contingat
2754 2445 2997 2531 Magis—

438 2538 572 2582 ⁰f¹²¹⁸
589 2539 729 2584 ⁰⁰¹⁰*
899 2557 1076 2616 trum
1124 2548 1442 2613 Thomam
1492 2547 1875 2634 Gasooigne,
1906 2569 2105 2612 sacrae
2154 2546 2503 2634 theologiae
2547 2548 2897 2622 doctorem,
2928 2555 2997 2613 et

893 2675 1014 2740 pro
1080 2661 1243 2716 tunc
1309 2651 1500 2716 almae
1579 2649 2059 2715 Universitatis
2138 2649 2418 2716 Oxoniae
2495 2648 2993 2728 Caucellarium,

893 2777 1011 2843 pro
1064 2754 1285 2839 aliqua
1345 2751 1730 2821 executione
1793 2753 1863 2816 in
1918 2751 2126 2817 officio
2180 2773 2299 2816 suo
2359 2753 2554 2833 facta,
2602 2752 2831 2817 vexari
2882 2773 2993 2816 seu

893 2857 1116 2943 aliquo
1187 2857 1382 2921 modo
1431 2856 1707 2933 turbari,
1758 2856 1937 2920 diota
1998 2855 2425 2922 Universitas
2484 2857 2697 2942 ipsum
2750 2854 2993 2940 ubique

891 2958 1215 3035 defendet,
1279 2981 1354 3023 ac
1428 2958 1633 3023 etiam
1709 2957 1838 3021 sibi
1884 2979 2203 3043 expensas
2268 2980 2384 3044 pro
2454 2958 2576 3023 tali
2639 2958 2994 3022 vexatione

893 3084 1006 3149 per
1080 3062 1295 3147 ipsum
1343 3060 1596 3125 fiendas
1623 3059 1871 3164 'reddet
1916 3067 1986 3125 et
2028 3061 2321 3145 plenarie
2366 3059 2727 3146 impendet.

1185 3358 1638 3446 Resiynation
1667 3358 1745 3444 os
1778 3358 1886 3423 his
1914 3359 1993 3423 Η
1990 3358 2090 3424 all
2120 3358 2203 3443 by
2232 3381 2277 3423 α
2306 3358 2693 3445 Principal.

539 3521 692 3586 April
715 3527 762 3571 8.
984 3500 1238 3567 Octavo
1285 3502 1392 3565 die
1435 3500 1682 3565 mensis
1725 3500 1993 3585 Aprilis,
2044 3522 2222 3564 anno
2266 3500 2536 3564 Domini
2569 3522 2768 3585 supra,
2797 3500 2989 3577 diets),

897 3604 1219 3690 Magister
1293 3604 1339 3668 J
1344 3604 1634 3668 ohannes
1713 3602 2008 3677 Caskele‚
2070 3602 2465 3689 Principalis
2508 3603 2675 3667 aulae
2752 3603 2991 3667 “Latae

894 3706 1112 3771 Portae
1131 3706 1162 3733 ''
1211 3707 1281 3769 in
1327 3705 1639 3791 parochia
1693 3704 2011 3769 Omnium
2074 3702 2467 3770 Sanctorum
2519 3704 2993 3769 Universitatis

895 3809 1188 3884 Oxoniae,
1263 3807 1629 3893 resignavit
1697 3808 1973 3872 eandem
2050 3806 2283 3885 aulam,
2328 3814 2397 3872 et
2440 3814 2657 3871 totum
2707 3806 2821 3891 jus
2866 3804 2991 3870 sibi

891 3918 1264 3998 competens
1294 3910 1432 3975 sive
1463 3910 1803 3995 pertinens
1848 3910 1919 3973 in
1950 3909 2201 3988 eadem,
2232 3909 2305 3973 in
2336 3930 2571 3973 manus
2602 3909 2993 3974 venerabilis

890 4014 1020 4078 viri
1109 4012 1418 4099 Magistri
1505 4010 1553 4077 J
1556 4010 1839 4075 ohannis
1926 4012 2265 4096 Burneby,
2353 4032 2555 4077 saerae
2641 4011 2993 4099 theologiae

891 4115 1290 4202 professoris,
1339 4112 1730 4179 Cancellarii
1781 4114 1943 4192 nati,
1989 4114 2059 4177 in
2108 4113 2383 4200 collegio
2431 4112 2879 4192 Dunelmensi‚
2926 4119 2993 4177 et

889 4218 1120 4283 statim
1183 4216 1416 4282 dietus
1468 4215 1775 4283 dominus
1860 4215 2306 4281 cancellarius
2364 4216 2638 4281 eandem
2706 4216 2993 4301 resigna—

849 4363 870 4383 .
889 4320 1138 4384 tionem
1184 4318 1470 4396 admisit,
1523 4318 1705 4383 salvo
1741 4318 1893 4403 jure
1937 4318 2391 4405 cujuscunque.

509 4448 576 4501 A,
602 4464 679 4505 „-
701 4455 785 4501 ⁴0.
981 4423 1082 4487 Ae
1141 4421 1390 4496 statim,
1441 4421 1688 4486 eisdem
1740 4420 1883 4487 loco
1939 4426 2009 4486 et
2056 4428 2374 4509 tempore,
2405 4427 2473 4486 et
2526 4422 2717 4507 quasi
2769 4422 2995 4485 imme-

895 4524 1075 4589 diate
1104 4529 1270 4610 post,
1305 4523 1623 4609 Magister
1651 4524 1694 4588 J
1702 4522 1994 4588 ohannes
2023 4524 2251 4609 Payne
2282 4524 2593 4611 exposuit
2622 4523 2992 4588 cautionem

895 4626 1135 4691 realem
1180 4628 1250 4691 in
1307 4648 1540 4690 manus
1589 4624 1896 4711 praedicti
1928 4626 2319 4691 Cancellarii
2372 4647 2491 4712 pro
2542 4626 2769 4691 eadem
2824 4626 2995 4701 aula,

893 4735 964 4795 et
1005 4728 1232 4795 dictus
1282 4728 1590 4794 dominus
1643 4728 1919 4794 eandem
1983 4728 2269 4797 admisit.
2330 4728 2515 4793 salvo
2566 4728 2719 4811 jure
2779 4726 2992 4813 cujus—
