3466 5635
1148 752 1325 804 ACTA
1369 754 1604 803 cunm
1649 752 2130 806 CANCELLARH.
2590 744 2719 810 569

632 951 702 1005 et
747 938 1096 1005 ordinandi
1141 940 1404 1026 plenam
1447 940 1739 1007 habeant
1789 944 2200 1027 potestatem,
2232 963 2515 1027 quorum
2554 943 2727 1009 ordi-

647 1041 948 1107 nationes
990 1042 1064 1106 in
1107 1064 1186 1107 ea
1228 1046 1418 1128 parte
1462 1041 1780 1109 faciendae
1822 1042 1963 1107 vim
2007 1046 2077 1107 et
2118 1042 2321 1109 robur
2381 1043 2727 1111 obtineant

623 1148 1068 1209 statutorum:
1143 1143 1256 1209 Ad
1329 1166 1494 1228 quos
1556 1144 1826 1210 effectus
1900 1144 2197 1211 celeriter
2271 1146 2724 1232 expediendos,

627 1243 930 1312 videlicet
957 1251 1095 1311 tam
1119 1245 1206 1310 ad
1226 1246 1702 1312 inveniendum
1733 1268 1935 1333 quam
1968 1247 2412 1313 ordinandum
2437 1271 2723 1335 congrua

621 1348 839 1413 media
881 1369 1002 1435 pro
1045 1347 1298 1415 fabrica
1341 1348 1538 1415 dictae
1581 1348 1821 1415 scholae
1853 1349 2023 1415 citra
2053 1349 2257 1415 finem
2286 1351 2722 1436 quinquennii

616 1450 919 1536 pmdicti
947 1450 1350 1537 complenda,
1400 1472 1601 1536 quam
1645 1452 1865 1517 media,
1909 1472 2203 1538 congrua
2245 1453 2333 1517 ad
2377 1453 2721 1519 invenien-

621 1554 782 1619 dum
845 1558 914 1619 et
978 1552 1414 1617 ordinandum
1480 1575 1600 1639 pro
1663 1551 2013 1619 sufficienti
2066 1554 2419 1619 securitate
2463 1556 2551 1621 ad
2595 1556 2722 1621 sal-

619 1654 933 1735 vandum,
1007 1659 1088 1722 ut
1168 1655 1625 1741 praemittitur,
1703 1655 1920 1720 dictas
2002 1676 2311 1741 personas
2395 1656 2721 1745 obligatas

619 1757 960 1823 indemnes
1006 1778 1162 1843 erga
1205 1760 1590 1823 executores
1632 1755 2001 1842 praedictos,
2049 1757 2327 1843 praefata
2372 1779 2723 1845 congrega-

619 1858 720 1924 tio
790 1858 1192 1944 Regentium
1255 1864 1324 1923 et
1392 1857 1460 1921 N
1464 1859 1956 1945 on-regentium
2002 1858 2354 1945 deputavit
2400 1860 2519 1925 hos
2566 1862 2723 1926 duo-

621 1959 834 2025 decim
879 1958 1198 2025 Doctores
1259 1966 1328 2025 et
1381 1959 1754 2046 Magistros,
1801 1959 2297 2039 Cancellarium,
2346 1960 2515 2027 duos
2559 1962 2717 2028 Pro-

620 2067 968 2142 curatores,
1016 2062 1380 2150 Gascoyng,
1414 2062 1853 2150 Beauchamp,
1885 2062 2122 2151 Sugur‚
2154 2064 2352 2143 Beck,
2386 2064 2725 2151 Sampson,

621 2166 903 2251 Evelyn,
949 2164 1299 2243 Billesdon‚
1347 2165 1642 2251 Cowper,
1689 2170 1759 2229 et
1806 2164 2019 2245 Hext,
2062 2166 2325 2230 eosdem
2380 2170 2449 2231 et
2498 2186 2725 2231 eorum

624 2268 985 2354 quemlibet
1050 2267 1400 2345 onerand0,
1464 2267 1640 2351 quod
1705 2268 1779 2331 in
1844 2266 1976 2332 fide
2031 2266 2335 2353 praestita
2380 2266 2724 2333 Universi-

625 2370 756 2435 tati
831 2390 1017 2433 suam
1091 2368 1481 2455 praedictam
1556 2372 1957 2453 potestatem
2035 2367 2205 2434 bene
2294 2374 2362 2433 et
2437 2369 2725 2435 fideliter

622 2474 1014 2537 exercerent,
1109 2469 1310 2535 Unde
1371 2469 1635 2556 praefati
1708 2469 2028 2536 Doctores
2102 2474 2171 2535 et
2246 2470 2551 2557 Magistri
2612 2472 2719 2549 sic,
2742 2491 2837 2535 and
2852 2492 2962 2545 they
2991 2490 3131 2585 being

1439 2566 1454 2582 .
1623 2566 1637 2580 .
1729 2566 1744 2581 .
2282 2568 2296 2583 .
2700 2571 2713 2584 .
2741 2542 2931 2593 elected,
2949 2523 3072 2585 drew
3121 2554 3153 2594 p

621 2573 701 2633 ut
743 2568 1109 2654 praefertur,
1155 2566 1461 2652 deputatl
1505 2570 1576 2631 et
1618 2567 1891 2631 insimul
1922 2572 2301 2655 congregatl
2329 2590 2449 2655 pro
2478 2568 2719 2635 efficacl
2740 2605 2772 2653 a,
2786 2595 2856 2635 set
2874 2594 2925 2636 or

621 2668 778 2734 dicti
827 2668 1068 2734 statuti
1113 2668 1516 2749 executione,
1561 2668 1865 2733 unanimi
1927 2691 2154 2734 eorum
2220 2691 2538 2735 consensu
2598 2672 2715 2737 has
2737 2643 2985 2747 {1¹31ssssss
3019 2654 3045 2686 ⁰

622 2770 1020 2860 subscriptas
1050 2774 1429 2836 statuerunt
1475 2769 1941 2836 ordinationes.

691 3034 818 3100 The
861 3031 1307 3119 Reyulatiom
1352 3031 1602 3098 drawn
1645 3053 1747 3119 up
1793 3031 1876 3118 by
1920 3031 2025 3099 the
2073 3032 2645 3104 Oommiseionere.

710 3218 761 3284 I
756 3216 1104 3306 wm'smiS,
1148 3217 1306 3302 quia
1366 3215 1720 3282 verisimile
1775 3216 1868 3282 eis
1930 3217 2290 3284 videbatur
2333 3220 2510 3304 quod
2556 3243 2720 3287 non-

621 3323 789 3390 nulli
832 3311 1260 3409 praefatorum
1303 3319 1664 3386 Doctorum
1696 3325 1767 3386 et
1799 3319 2285 3406 Magistrorum,
2318 3329 2398 3388 ut
2427 3325 2721 3409 praemit-

619 3427 810 3506 titur,
857 3425 1343 3512 deputatorum
1393 3423 1678 3488 durante
1743 3423 2074 3488 dictarum
2136 3424 2505 3490 scholarum
2572 3449 2722 3493 con-

623 3527 1000 3604 structione,
1063 3528 1333 3612 propter
1397 3524 1664 3612 propria
1730 3525 2019 3610 gerenda
2068 3526 2338 3612 negotia
2380 3527 2723 3594 multoties

619 3629 784 3696 adeo
845 3632 1042 3694 erunt
1099 3626 1424 3713 impediti,
1477 3626 1653 3711 quod
1706 3626 1967 3712 quoties
2029 3648 2289 3694 necesse
2354 3627 2558 3695 fuerit
2602 3635 2722 3696 aut

623 3752 785 3818 opus
829 3729 916 3794 ad
961 3728 1574 3796 communicandum
1618 3749 1739 3815 pro
1785 3727 1982 3794 dictis
2025 3728 2258 3796 mediis
2302 3730 2719 3798 inveniendis

559 3865 562 3868 ⁴
623 3838 692 3898 et
753 3831 1135 3898 ordinandis
1189 3851 1340 3896 cum
1401 3833 1724 3896 vocentur
1798 3831 2152 3896 convenire
2228 3835 2296 3896 et
2370 3833 2719 3902 attendere

619 3956 757 4001 non
830 3933 1168 4014 valebunt,
1231 3931 1739 4000 wdmaverwnt
1813 3933 1991 4018 quod
2064 3933 2181 4000 alii
2255 3933 2573 4002 Doctores
2648 3943 2719 4005 et
2738 3959 3079 4063 ffissigssffffimtb

617 4038 924 4125 Magistri
988 4039 1128 4104 loco
1191 4037 1616 4124 praefatorum
1683 4037 2049 4103 Doctorum
2116 4041 2187 4104 et
2246 4037 2716 4125 Magistrorum
2738 4073 2865 4104 aem
2880 4063 2931 4105 in
2948 4075 3051 4107 caso
3068 4065 3121 4107 or

618 4140 694 4206 in
737 4139 1126 4208 aedificando
1170 4139 1434 4227 providi
1481 4143 1550 4205 et
1611 4139 1871 4226 experti
1918 4139 2003 4204 ad
2050 4139 2495 4225 supplendum
2538 4143 2716 4209 vices
2736 4111 2822 4206 {1¹32
2834 4113 3055 4224 ἓξὲξ-ΗΜ
3072 4117 3123 4158 ⁰³

620 4264 865 4321 eorum,
910 4263 1060 4308 cum
1119 4241 1270 4308 illos
1331 4240 1684 4327 contigerit
1750 4240 2078 4327 impediri,
2132 4246 2213 4306 ut
2256 4243 2711 4328 praemittitur,
2735 4213 3015 4317 ἒίιῗὲἶὲῗὲῗ·
3030 4227 3111 4260 ”⁰

618 4345 1041 4432 deputentur,
1105 4343 1224 4430 qui
1283 4343 1602 4428 aequalem
1669 4344 1885 4429 quoad
1950 4345 2403 4410 executionem
2455 4345 2719 4433 praefati

618 4447 858 4514 statuti
923 4447 1009 4512 ab
1074 4445 1535 4512 Universitate
1597 4445 1767 4512 editi
1828 4468 1978 4513 cum
2046 4447 2155 4526 eis,
2224 4469 2503 4533 quorum
2578 4449 2719 4516 loco

622 4549 1051 4636 deputantur,
1117 4569 1374 4614 necnon
1436 4547 1598 4613 alios
1661 4568 1887 4613 eorum
1958 4549 2133 4614 vices
2198 4550 2283 4615 ad
2360 4551 2718 4636 gerendum

619 4653 694 4718 in
737 4650 1091 4740 praemissis
1133 4651 1550 4738 subrogandi,
1599 4651 1890 4718 habeant
1934 4657 2330 4740 potestatem
2358 4678 2375 4736 ;
2452 4659 2522 4720 et
2596 4655 2720 4723 hoc
