3466 5635
929 855 1117 904 unm
1163 853 1618 904 cmcsnmssn
1667 853 1750 900 ET
1796 853 2375 904 PnocussAToRmu.
2560 841 2687 904 425

588 1053 710 1098 nec
753 1031 932 1098 dicet
973 1030 1232 1112 falsum,
1285 1051 1406 1096 nec
1450 1023 1728 1097 celabit¹
1764 1050 2017 1110 verum,
2058 1052 2251 1119 super
2294 1033 2565 1118 negotio
2610 1033 2694 1098 de

590 1157 720 1222 quo
763 1135 1002 1222 agitur.
1076 1134 1560 1222 Astringantur
1593 1135 1799 1198 etiam
1831 1133 2291 1200 Procuratores
2335 1135 2410 1199 in
2438 1137 2693 1202 virtute

590 1237 980 1304 sacramenti
1045 1236 1224 1325 prius
1289 1237 1588 1324 praestiti,
1635 1237 1815 1323 quod
1879 1237 1952 1302 in
2025 1237 2377 1325 praemissis
2438 1239 2691 1304 nullam

591 1341 888 1406 fraudem
934 1340 1396 1422 committant3
1456 1343 1525 1404 et
1569 1339 1947 1405 servabitur
2004 1341 2217 1406 forma
2260 1342 2392 1407 ista
2437 1341 2690 1420 donec,²³

593 1445 674 1510 de
717 1444 1052 1510 communi
1095 1465 1414 1509 consensu
1459 1444 1757 1509 omnium
1798 1465 2075 1529 quorum
2120 1444 2417 1525 interest,
2462 1445 2694 1510 melior

593 1547 793 1614 fuerit
835 1547 1098 1635 provisa
1141 1550 1213 1611 et
1255 1546 1695 1612 communiter
1739 1551 2092 1633 acceptata

597 1849 792 1936 Quod
826 1872 1056 1918 omsraes
1082 1849 1164 1916 M
1161 1850 1412 1938 aqistri
1452 1855 1768 1918 tenentur
1804 1847 2119 1916 &ntem-esse
2156 1848 2691 1938 depositionibus

1350 1950 1929 2020 Baohilarioruan.

683 2104 876 2185 Item,
919 2109 1258 2172 statutwm
1314 2111 1424 2182 est,
1477 2103 1653 2190 quod
1695 2107 2053 2170 teneantur
2095 2124 2321 2169 omnes
2366 2103 2695 2190 Regentes

589 2209 717 2274 rite
759 2207 982 2274 vocati
1025 2206 1546 2273 Baohilariorum
1591 2229 1728 2273 suae
1788 2205 2127 2272 facultatis
2173 2204 2694 2292 depositionibus

589 2311 918 2380 interesse.

648 2571 958 2658 Quabiter
999 2573 1082 2637 M
1079 2569 1328 2658 aqist‘ri
1370 2569 1596 2637 umas
1625 2570 1995 2657 facultatis
2039 2571 2271 2638 debent
2315 2569 2643 2659 deponere

973 2697 1107 2764 pro
1151 2673 1548 2740 Bachilario
1594 2673 1883 2740 alterius
1911 2673 2294 2762 facultatis.

679 2811 850 2881 Cum
921 2812 996 2877 in
1070 2811 1440 2898 conjunctis
1507 2810 1797 2877 scientiis
1858 2811 2153 2899 superior
2232 2812 2315 2879 de
2388 2811 2695 2879 inferiore

591 2915 836 3003 poterit
879 2918 949 2979 et
984 2913 1226 2981 debeat
1267 2912 1506 2979 merito
1542 2914 1860 2999 judicare,
1894 2913 2320 2981 Universitas
2362 2916 2485 2983 hoc
2528 2938 2693 3003 prae-

591 3018 763 3082 senti
807 3014 1099 3083 decrevit
1149 3016 1382 3093 edicte,
1428 3020 1508 3081 ut
1551 3016 1946 3102 professores
1996 3017 2171 3102 juris
2232 3020 2530 3084 canonici
2572 3041 2692 3107 pro

592 3118 960 3185 Bachilario
1003 3119 1090 3183 ad
1132 3117 1583 3205 incipiendum
1637 3118 1709 3183 in
1760 3119 1914 3205 jure
1958 3119 2141 3184 civili
2185 3120 2481 3208 legitime
2524 3142 2691 3209 prae-

590 3226 850 3287 sentato
889 3220 1091 3287 verbo
1138 3224 1420 3286 utantur
1455 3228 1492 3257 “
1508 3219 1807 3286 scientioe
1830 3221 1865 3248 ’³
1913 3221 2314 3310 deponendo.
2380 3223 2694 3288 Doctores

588 3346 747 3390 vero
808 3323 982 3410 juris
1057 3322 1272 3388 civilis
1346 3344 1465 3409 pro
1557 3322 1948 3388 Bachilariis
2022 3324 2093 3388 in
2158 3324 2311 3409 jure
2382 3326 2694 3391 canonico

591 3426 950 3514 incepturis
972 3424 999 3462 ⁸
1045 3426 1378 3512 deponant
1421 3426 1546 3491 sub
1589 3425 1714 3490 hac
1757 3425 2011 3492 forma:
2063 3434 2097 3461 “
2116 3426 2272 3494 Soio
2316 3426 2519 3493 talem
2562 3448 2695 3493 esse

593 3536 629 3566 “
673 3529 991 3617 diqnum,
1059 3526 1184 3609 cto„
1253 3528 1342 3595 ‘im
1409 3527 1558 3615 fide
1617 3526 1952 3617 proeetstta,
2027 3535 2364 3615 quatenus
2434 3536 2691 3597 rectwm

591 3641 628 3668 “
658 3630 982 3718 faciendi
1025 3629 1388 3719 judicium
1445 3629 1540 3699 ad
1601 3651 1827 3697 mecvm
1883 3630 2224 3719 pertinere
2258 3630 2693 3719 permittitur

591 3743 625 3769 “
657 3732 1063 3821 famdtatem
1079 3731 1144 3813 ;”
1236 3739 1306 3799 et
1371 3734 1568 3799 istam
1641 3732 1922 3798 formam
1997 3734 2264 3820 penitus
2338 3734 2692 3801 observent

589 3836 896 3924 Magistri
965 3836 1338 3902 liberalium
1396 3836 1660 3917 artium,
1705 3856 1858 3901 cum
1920 3836 2007 3901 ad
2068 3836 2404 3901 licentiam
2458 3836 2691 3903 Bathi-

585 3940 734 4005 larii
777 3940 851 4004 in
893 3938 1221 4004 medicina
1263 3939 1646 4027 praesentati
1691 3938 1941 4005 fuerint
1984 3939 2259 4006 evocati.

589 4242 2689 4335 Demeasoolwnobtetndapositwmibmqumvmwm⁴

2821 2098 2889 2149 A.
2921 2103 3029 2147 104.

2825 2165 2884 2216 C.
2909 2171 2990 2217 23.

2845 4254 2907 4305 B.
2930 4260 3012 4303 40.

2846 4321 2905 4373 C.
2932 4327 3011 4372 28.

677 4398 870 4478 Item,
913 4402 1252 4465 statutum
1309 4405 1416 4479 est,
1464 4400 1641 4489 quod
1683 4400 1758 4465 in
1802 4400 2089 4469 licentiis
2152 4424 2687 4490 quorumcunque
2715 4410 2813 4455 ΤΗΘ
2830 4410 3103 4455 ῦῑιωοοῦοτ

2714 4462 2808 4505 and
2824 4462 3038 4507 Proctors

585 4524 706 4569 nec
753 4500 1196 4568 cancellarius
1241 4524 1361 4568 nec
1423 4500 1899 4581 ProcuratoreS,
1948 4512 2067 4571 aut
2128 4504 2521 4572 Procurator
2568 4506 2687 4572 ali·
2714 4512 2834 4557 shall
2852 4512 2973 4566 keep
2989 4514 3073 4557 the

659 4733 673 4763 ¹
699 4730 813 4781 The
833 4730 988 4783 MSS.
1011 4730 1141 4782 have
1163 4730 1377 4783 celebret.
1637 4730 1650 4865 Ι
1756 4734 1775 4763 ⁸
1798 4734 2061 4799 ὸισερωνο,
2087 4732 2146 4784 O.

657 4811 680 4841 ²
703 4809 866 4873 dom,
889 4811 1099 4863 omitted
1120 4813 1175 4863 in
1199 4812 1258 4865 c.
1759 4814 1777 4842 ⁴
1796 4829 2099 4877 qums-mque,
2122 4813 2183 4863 B·

2714 4564 3132 4660 emaum
