3466 5635
367 3306 550 3358 nnauy
563 3305 648 3350 the

367 3360 541 3401 matter
556 3358 596 3401 is
608 3368 732 3402 com·

362 3409 606 3463 promised.

842 795 970 856 586
1401 807 1576 858 ACTA
1622 810 1856 860 CURIAE
1901 809 2379 870 OANOELLARII.

1254 1148 1576 1218 Decieimt
1619 1149 1700 1236 of
1731 1149 1835 1216 the
1880 1171 2025 1217 case
2059 1149 2448 1240 postponed.

930 1339 1253 1406 Vicesimo
1315 1339 1423 1406 die
1498 1340 1915 1420 Novembris,
1994 1361 2171 1406 anno
2251 1340 2522 1406 Domini
2590 1339 2933 1406 millesimo

834 1442 1480 1530 quadringentesimo
1509 1445 2007 1530 quadragesimo
2036 1447 2291 1521 octav0,
2322 1444 2639 1532 Magister
2682 1443 2727 1508 J
2731 1444 2934 1509 ohan-

833 1566 950 1610 nes
995 1544 1329 1631 Burneby,
1377 1546 1880 1613 commissarius
1922 1547 2241 1634 generalis
2301 1545 2605 1634 Magistri
2651 1546 2935 1612 Gilberti

834 1648 1144 1732 Kymere,
1193 1647 1602 1727 cancellarii,
1633 1651 1763 1726 εἶτα,
1811 1650 1885 1714 in
1936 1649 2206 1736 collegio
2250 1648 2641 1725 Dunelmiae,
2686 1648 2933 1736 Magis-

833 1753 1013 1814 trum
1060 1748 1473 1836 Stephanum
1518 1750 1825 1817 Herberd
1867 1752 1955 1817 ad
1998 1750 2507 1838 comparendum
2577 1772 2797 1817 coram
2857 1771 2930 1815 eo

829 1851 1262 1938 personaliter
1307 1873 1500 1940 super
1558 1853 1638 1917 iis
1684 1875 1833 1940 quae
1886 1854 2387 1940 praemittuntur
2455 1858 2524 1919 et
2581 1853 2930 1918 inactitan-

833 1959 948 2019 tur
989 1954 1067 2019 in
1108 1953 1429 2042 principio
1490 1954 1781 2040 ejusdem
1826 1955 1986 2038 folii,
2048 1977 2135 2021 ex
2179 1954 2389 2020 altera
2432 1959 2623 2042 parte
2666 1976 2931 2042 respon-

827 2077 1054 2123 surum
1081 2058 1324 2124 iterum
1354 2058 1662 2138 decrevit,
1693 2063 1779 2137 et,
1813 2060 1969 2146 quia
1996 2057 2388 2124 certificavit
2430 2058 2727 2124 bedellus
2756 2058 2933 2144 quod

775 2153 789 2174 ’
830 2159 1108 2226 eundem
1154 2161 1587 2248 personaliter
1645 2161 2133 2248 apprehendere
2190 2183 2326 2227 non
2371 2162 2611 2248 potuit,
2657 2160 2816 2247 quia
2859 2161 2933 2224 in

722 2292 734 2326 z
828 2263 983 2328 aula
1025 2285 1161 2345 sua,
1206 2263 1514 2330 videlicet
1558 2269 1594 2299 “
1618 2264 1891 2352 Hensey
1921 2262 2169 2344 Halle,”
2216 2264 2339 2329 sub
2406 2263 2810 2340 abscondite,
2852 2267 2931 2327 ut

827 2365 1236 2454 personalem
1304 2365 1568 2433 eludere
1628 2371 1849 2455 posset
1916 2367 2315 2445 citationem,
2376 2365 2707 2444 latitabat,
2754 2363 2929 2432 idem

829 2467 1329 2535 Commissarius
1371 2469 1654 2536 eundem
1719 2468 1808 2534 ad
1875 2468 2144 2536 domum
2188 2473 2259 2534 et
2300 2491 2518 2536 coram
2560 2467 2752 2533 sociis
2796 2467 2931 2532 suis

829 2570 1073 2637 iterum
1103 2571 1296 2637 citari
1338 2571 1724 2652 mandavit;
1770 2574 1857 2650 et,
1903 2571 2063 2658 quia
2102 2571 2197 2637 sic
2242 2572 2327 2637 ad
2373 2572 2641 2637 domum
2686 2570 2930 2635 citatus

768 2733 794 2766 e
831 2678 899 2738 et
975 2673 1377 2739 certificatus
1437 2674 1916 2740 contumaciter
1986 2674 2315 2740 latitando
2390 2697 2460 2740 se
2535 2673 2927 2753 absentavit,

833 2775 1050 2842 dictus
1096 2775 1610 2855 Commissarius,
1655 2775 1831 2843 facta
1882 2775 2015 2842 fide
2080 2777 2152 2841 in
2216 2799 2294 2843 ea
2360 2781 2547 2865 parte
2592 2776 2927 2863 requisita,

834 2879 1088 2945 dictum
1135 2878 1532 2966 Magistrum
1603 2878 2017 2966 Stephanum
2078 2902 2196 2967 per
2254 2881 2534 2967 publicae
2596 2880 2929 2945 citationis

831 2982 1121 3047 edictum
1183 3004 1300 3069 per
1361 2982 1611 3048 scholas
1673 2981 2159 3048 Universitatis
2218 2982 2412 3048 citari
2470 2982 2758 3048 demand
2766 2982 2928 3061 avit,

823 3107 952 3170 quo
1021 3084 1288 3171 quidem
1358 3084 1681 3172 Magistro
1747 3084 2084 3172 Stephano
2148 3085 2239 3150 sic
2304 3090 2557 3164 vocat0,
2620 3085 2929 3151 vicesimo

826 3192 1064 3274 quarto
1111 3186 1216 3252 die
1261 3186 1503 3251 mensis
1547 3186 1965 3267 Novembris,
1998 3208 2175 3252 anno
2220 3187 2491 3252 Domini
2536 3186 2929 3274 supradicto,

823 3291 1408 3377 compromiserunt
1451 3290 1847 3355 reverendus
1891 3294 2081 3377 pater
2124 3289 2350 3355 Abbas
2381 3290 2467 3355 de
2514 3288 2817 3377 Oseneya
2860 3294 2929 3355 et

823 3392 1148 3479 Magister
1178 3390 1551 3477 Stephanus
1580 3390 1891 3472 Herbert,
1939 3390 2129 3456 albus
2172 3391 2547 3470 monachus,
2577 3391 2652 3456 in
2693 3412 2927 3457 manus

822 3495 1131 3583 Magistri
1173 3493 1221 3559 J
1224 3494 1499 3560 ohannis
1543 3494 1841 3559 Botteler
1884 3498 1953 3559 et
2000 3492 2307 3581 Magistri
2352 3492 2400 3559 J
2402 3494 2681 3560 ohannis
2725 3494 2927 3573 More,

821 3599 944 3665 sub
991 3620 1192 3686 poena
1234 3596 1529 3683 quinque
1558 3617 1943 3674 marcarum,
1974 3596 2055 3663 de
2086 3602 2155 3662 et
2184 3619 2378 3684 super
2406 3598 2650 3685 viginti
2680 3596 2921 3676 solidite,

819 3703 893 3767 in
965 3700 1208 3789 quibus
1283 3699 1534 3765 dictum
1611 3698 2010 3785 Magistrum
2085 3699 2500 3787 Stephanum
2572 3700 2924 3787 praedictus

821 3804 1049 3870 Abbas
1092 3804 1156 3870 ei
1199 3800 1338 3867 fore
1381 3801 1830 3867 indebitatum
1882 3802 2131 3881 asserit,
2179 3803 2355 3890 quod
2400 3804 2474 3868 in
2518 3824 2714 3869 causa
2756 3826 2921 3891 prse-

817 3906 997 3972 dicta
1024 3908 1419 3993 cognoscant
1446 3925 1581 3969 non
1625 3926 1744 3990 per
1772 3905 2042 3969 modum
2084 3905 2363 3982 arbitrii,
2409 3904 2521 3970 sed
2565 3905 2924 3971 amicabilis

821 4007 1325 4096 compositionis
1404 4010 1473 4071 et
1536 4028 1680 4071 eam
1748 4027 1977 4071 eorum
2051 4005 2251 4072 laudo
2313 4007 2677 4073 terminent
2750 4007 2924 4073 infra

820 4111 1063 4176 festum
1107 4108 1598 4175 Purificationis
1644 4108 1948 4195 proximo
2006 4110 2149 4195 jam
2193 4109 2511 4186 futurum,
2558 4109 2615 4173 si
2660 4130 2923 4175 concor-

819 4214 976 4279 dare
1021 4212 1328 4299 poterint,
1393 4211 1449 4275 si
1517 4233 1675 4276 vero
1740 4210 2152 4289 dissentiant,
2200 4210 2477 4276 tertium
2521 4212 2921 4277 auctoritate

819 4314 1352 4400 componentium
1397 4313 1662 4400 eligant,
1711 4313 1827 4399 qui
1887 4316 2290 4399 potestatem
2333 4312 2738 4377 terminandi
2781 4328 2919 4377 ma-

817 4417 1056 4483 teriam
1120 4415 1363 4480 habeat
1436 4438 1476 4480 a
1549 4414 1714 4481 festo
1765 4414 2245 4480 Purificationis
2290 4416 2767 4501 praenominato
2834 4415 2920 4483 ad

822 4518 1102 4605 primam
1161 4516 1580 4583 Dominicam
1635 4516 2175 4604 Quadrageshnae
2236 4516 2561 4583 inclusive
2618 4518 2919 4605 proxime

817 4624 1215 4707 sequentem,
1284 4624 1352 4684 et
1413 4619 1498 4684 ad
1563 4642 1845 4705 quorum
1890 4620 1999 4686 vel
2058 4619 2242 4707 cujus
2286 4618 2485 4684 laudo
2528 4624 2598 4685 et
2642 4620 2919 4685 arbitrio

817 4730 959 4791 tam
1002 4723 1074 4788 in
1118 4724 1252 4789 alto
1297 4743 1496 4808 quam
1539 4722 1613 4787 in
1657 4724 1851 4789 basso
1910 4722 2237 4804 standum,
2303 4722 2685 4810 parendum,
2733 4728 2803 4790 et
2846 4722 2921 4797 in
