3466 5635
981 747 1114 820 '790
1898 753 2251 804 APPssumx
2298 753 2339 800 1.

981 948 1242 1012 defectu
1287 945 1442 1032 ejus,
1489 943 1680 1009 alteri
1728 941 1845 1027 qui
1906 941 2211 1028 prosequi
2253 938 2539 1004 voluerit
2582 937 2655 1003 in
2698 939 2824 1004 hac
2866 943 3071 1026 parte,

983 1055 1052 1114 et
1113 1048 1290 1136 quod
1353 1048 1644 1112 habeant
1709 1049 2105 1131 potestatem
2166 1042 2380 1126 Major
2438 1045 2507 1106 et
2566 1041 2800 1106 ballivi
2844 1041 3075 1105 civita·

982 1157 1146 1233 tum,
1209 1153 1586 1238 burgorum,
1640 1147 1969 1227 villarum,
2033 1145 2582 1225 mercatoriamm,
2628 1151 2697 1209 et
2762 1148 3071 1230 portuum

983 1261 1051 1320 et
1093 1255 1382 1320 locorum
1445 1249 1933 1348 maritimorum
1990 1249 2079 1312 ad
2138 1247 2603 1332 inquirendum
2648 1246 2729 1312 de
2774 1245 3075 1311 omnibus

983 1361 1052 1422 et
1095 1355 1374 1441 singulis
1426 1353 1542 1441 qui
1593 1356 1823 1418 contra
1866 1351 1989 1415 hoc
2032 1349 2105 1414 in
2149 1349 2369 1434 aliquo
2415 1347 2835 1434 deliquerint,
2882 1353 2951 1412 et
2990 1347 3075 1412 ad

982 1481 1247 1546 poenam
1290 1456 1688 1545 praedictam,
1720 1453 1807 1518 ad
1850 1473 2011 1539 opus
2054 1451 2335 1532 illorum,
2378 1453 2467 1516 ad
2510 1473 2790 1537 quorum
2834 1455 3075 1516 sectam

983 1559 1358 1646 hujusmodi
1433 1558 1891 1643 delinquentes
1974 1554 2260 1620 convicti
2342 1553 2608 1632 fuerint,
2684 1553 3073 1632 levandam3

983 1662 1288 1749 quodque
1317 1661 1390 1726 in
1419 1681 1574 1726 casu
1617 1680 1747 1745 quo
1790 1657 1993 1722 iidem
2024 1656 2239 1740 Major
2267 1661 2335 1720 et
2362 1655 2597 1720 ballivi
2626 1655 3073 1721 executionem

984 1764 1466 1852 praemissorum
1508 1761 1721 1827 facere
1772 1758 2203 1846 neglexerint,
2247 1762 2316 1823 et
2360 1757 2441 1823 de
2484 1759 2607 1824 hoc
2666 1779 2885 1824 coram
2933 1758 3077 1844 jus-

983 1866 1242 1932 ticiario
1287 1886 1404 1952 per
1446 1886 1565 1930 nos
1607 1861 2003 1949 assignando
2046 1861 2332 1926 convicti
2374 1860 2641 1939 fuerint,
2672 1865 2837 1927 tunc
2878 1861 3073 1926 iidem

991 1969 1200 2054 Major
1245 1973 1314 2032 et
1357 1965 1584 2032 ballivi
1629 1966 1714 2030 ad
1760 1964 2031 2051 triplum
2076 1963 2171 2028 rei
2216 1963 2311 2027 sic
2354 1963 2645 2030 venditae
2703 1963 3073 2049 hujusmodi

986 2070 1424 2148 damnificatO,
1503 2068 1611 2134 vel
1675 2066 1885 2147 alteri,
1931 2065 2005 2129 in
2072 2063 2331 2131 defectu
2403 2065 2600 2147 illius,
2660 2067 3075 2152 prosequenti

987 2172 1373 2237 solvendum
1435 2193 1554 2258 per
1615 2168 1874 2234 eosdem
1926 2167 2329 2252 justiciarios
2390 2167 2953 2254 compellerentur,
3010 2173 3075 2232 ct

985 2274 1412 2338 nihilominus
1455 2293 1684 2337 versus
1747 2291 1865 2335 nos
1929 2268 2225 2356 graviter
2286 2269 2680 2355 punirentur
2746 2275 2945 2356 prout
3006 2271 3073 2334 in

988 2376 1400 2442 ordinatione
1444 2373 1761 2461 praedicta
1802 2371 2063 2458 plenius
2106 2370 2522 2436 continetur:
2594 2372 2702 2452 Et,
2748 2373 2905 2458 quia
2937 2371 3075 2457 jam

987 2478 1438 2544 intelleximus
1483 2475 1660 2561 quod
1697 2475 2078 2552 servientes,
2118 2474 2416 2560 operarii,
2460 2481 2529 2539 et
2572 2475 2855 2540 artifices
2912 2497 3079 2561 prae-

989 2581 1170 2660 dicti,
1231 2603 1306 2645 ac
1351 2579 1739 2646 victualium
1784 2575 2158 2642 venditores
2200 2577 2275 2641 in
2316 2577 2477 2642 villa
2532 2583 2758 2644 nostra
2802 2578 3075 2644 Oxoniae

991 2688 1059 2748 et
1117 2681 1451 2747 suburbiis
1511 2679 1819 2765 ejusdem,
1882 2677 2065 2743 nulla
2127 2678 2359 2744 habita
2419 2681 2935 2746 consideratione
2993 2680 3076 2746 ad

989 2784 1468 2850 ordinationem
1534 2781 1937 2869 praedictam,
2001 2779 2325 2863 videlicet,
2388 2783 2735 2849 servitores
2800 2783 2887 2849 ad
2946 2805 3075 2849 ser-

989 2887 1320 2963 viendum,
1350 2885 1636 2950 artifices
1677 2884 1765 2949 ad
1812 2884 2214 2970 operandum
2254 2889 2325 2950 et
2362 2885 2645 2951 artificia
2682 2890 2752 2951 et
2788 2908 2891 2951 res
2933 2906 3077 2973 ope-

987 2995 1166 3054 ratas
1209 2987 1647 3063 vendendum,
1677 2991 1745 3051 et
1788 2985 1917 3071 ipsi
1958 2985 2334 3051 venditores
2374 2987 2763 3053 victualium
2806 2988 2883 3052 in
2922 3010 3075 3053 ven-

990 3091 1203 3156 dendo
1245 3090 1474 3155 eadem
1519 3089 1799 3153 cariores
1842 3109 1910 3153 se
1956 3086 2289 3167 exhibent,
2322 3093 2391 3155 et
2420 3090 2567 3175 plus
2609 3112 2729 3176 pro
2772 3090 3075 3167 servitiis,

992 3192 1313 3280 operibus,
1357 3198 1426 3257 et
1469 3190 1765 3256 artificiis
1810 3194 1878 3255 et
1920 3190 2065 3255 aliis
2104 3191 2300 3255 rebus
2358 3192 2703 3257 venalibus
2746 3193 2833 3258 ab
2876 3193 3076 3259 homi-

991 3295 1201 3373 nibuS,
1265 3292 1627 3381 praesertim
1695 3315 1737 3357 a
1800 3292 2238 3372 Scholaribus,
2304 3293 2543 3378 quibus
2604 3294 2817 3382 magis
2888 3295 3075 3361 solito

979 3396 1125 3483 jam
1187 3395 1461 3461 illudere
1524 3394 1907 3471 moliuntur,
1952 3394 2231 3480 exigunt
2292 3401 2363 3460 et
2428 3403 2821 3483 extorquent
2882 3420 3075 3485 quam

989 3503 1148 3563 ante
1194 3498 1440 3563 dictam
1482 3496 1981 3573 ordinationem,
2028 3496 2137 3561 vel
2180 3517 2378 3581 quam
2424 3503 2715 3586 tempore
2758 3523 2890 3588 quo
2940 3501 3079 3589 ipsa

987 3602 1164 3666 facta
1206 3599 1437 3666 extitit
1481 3603 1859 3685 exegerunt,
1889 3599 1959 3663 in
2005 3598 2217 3663 nostri
2260 3604 2729 3687 contemptum,
2761 3624 2839 3669 ac
2880 3604 3082 3669 dicto-

991 3726 1140 3769 rum
1186 3700 1596 3769 Scholarium
1639 3704 1708 3767 et
1752 3700 2031 3765 aliorum
2076 3700 2390 3767 damnum
2434 3703 2788 3790 publicum,
2822 3710 2891 3771 et
2934 3728 3079 3771 con-

987 3810 1100 3871 tra
1175 3804 1658 3871 ordinationem
1730 3802 2134 3890 praedictam,
2210 3826 2331 3871 nec
2390 3827 2509 3893 per
2578 3828 2715 3886 vos,
2776 3806 3081 3894 praeffltos

989 3907 1308 3992 Majorem
1353 3912 1423 3972 et
1465 3906 1748 3971 ballivos
1792 3905 1985 3973 dictae
2028 3906 2225 3985 villae,
2273 3908 2514 3994 quibus
2560 3911 2860 3975 executio
2919 3908 3083 3995 ejus-

989 4011 1138 4075 dem
1183 4009 1618 4075 ordinationis
1659 4008 1907 4073 ibidem
1957 4009 2411 4091 committitur,
2458 4010 2673 4075 ullum
2714 4018 3083 4099 apponatur

987 4111 1352 4177 remedium
1393 4111 1468 4175 in
1525 4110 1650 4176 hac
1700 4118 1907 4197 parte,
1950 4109 2128 4175 unde
2174 4111 2375 4175 etiam
2438 4113 2925 4194 conturbamur,
2968 4136 3083 4181 vo-

987 4213 1198 4280 lentes
1237 4213 1450 4299 ipsam
1489 4212 1970 4279 ordinationem
2005 4214 2378 4279 executioni
2411 4216 2653 4282 debitae
2688 4217 3087 4299 demandari,

989 4315 1468 4401 assignavimus
1540 4336 1660 4381 vos
1726 4315 2121 4402 conjunctim
2188 4322 2257 4381 et
2325 4317 2589 4383 divisim
2657 4318 2745 4383 ad
2810 4320 3083 4385 eandem

989 4417 1468 4483 ordinationem
1511 4437 1630 4503 pro
1673 4417 1848 4483 bono
1898 4418 2159 4505 publico
2204 4418 2297 4483 sic
2341 4418 2701 4486 confectam
2744 4420 2818 4486 in
2862 4422 3085 4508 singu-

988 4518 1072 4583 lis
1117 4520 1250 4584 suis
1296 4518 1591 4584 articulis
1635 4518 1710 4583 in
1754 4519 1919 4584 villa
1961 4525 2032 4586 et
2084 4520 2414 4585 suburbiis
2472 4521 2806 4608 praedictis
2867 4524 3085 4589 obser-

988 4622 1274 4687 vandam
1338 4634 1405 4687 et
1467 4620 1801 4687 observari
1864 4620 2248 4703 faciendam,
2318 4644 2572 4689 necnon
2628 4623 3085 4712 delinquentes
