3466 5635
766 783 895 855 676
1324 797 1501 850 mm
1545 797 1781 849 omum
1827 793 2307 850 omentum.

852 989 1167 1075 Magister
1212 987 1455 1066 Ketell,
1499 987 1766 1054 nomine
1808 985 2086 1074 proprio,
2117 1005 2236 1074 pro
2282 981 2556 1071 gardino
2601 1000 2862 1046 annexo

763 1091 1055 1179 Collegio
1102 1091 1475 1158 Lineolniae.

852 1195 1173 1283 Magister
1246 1193 1506 1274 Chiroh,
1580 1195 1845 1262 nomine
1912 1215 2060 1282 pro·

758 1300 920 1387 prio,
964 1321 1082 1386 pro
1128 1300 1279 1364 aula
1310 1305 1345 1335 “
1364 1299 1788 1384 Brasynose.”

850 1403 1057 1486 Idem,
1088 1403 1354 1469 nomine
1386 1402 1691 1490 Magistri
1721 1400 2058 1468 wulstani

760 1506 1022 1586 Brown,
1069 1529 1188 1594 pro
1234 1505 1387 1572 aula
1431 1505 1497 1572 S.
1549 1505 1834 1572 Thomae.

850 1611 1057 1692 Idem,
1120 1611 1386 1676 nomine
1452 1609 1727 1674 Roberti
1791 1609 2057 1697 Spyeer,

757 1737 878 1803 pro
926 1721 961 1750 “
984 1712 1412 1780 Sheld-Halle
1456 1712 1844 1800 gardeyne.”

848 1817 1054 1898 Idem,
1131 1815 1395 1883 nomine
1488 1815 1792 1902 Magistri
1881 1816 1929 1881 J
1933 1817 2209 1886 ohannis
2285 1819 2665 1910 Molyneux,
2743 1841 2861 1907 pro

764 1928 800 1956 “
834 1921 1078 2006 Seynte
1112 1921 1334 2005 'Mary
1378 1917 1622 1998 entre?
1668 1919 1744 1983 in
1788 1917 1934 1984 vico
2000 1921 2390 2004 scholarum,
2445 1925 2860 2010 fidejussores

759 2025 1040 2092 Thomas
1087 2023 1173 2090 M.
1222 2024 1305 2088 de
1350 2023 1669 2088 Brasnose
1715 2027 1786 2087 et
1829 2021 1876 2086 J
1879 2022 2170 2091 ohannes
2216 2027 2704 2114 Wybymbury.

848 2127 1055 2206 Idem,
1100 2126 1366 2192 nomine
1398 2124 1675 2190 Roberti
1708 2124 1940 2204 Benet,
1971 2149 2088 2214 pro
2120 2135 2158 2165 “
2179 2129 2526 2217 Salesurry
2549 2129 2584 2156 '³
2616 2131 2687 2196 in
2717 2131 2862 2197 vieo

758 2230 1145 2298 scholarum.

846 2335 1165 2422 Magister
1229 2331 1559 2398 Robertus
1624 2329 1969 2412 Passelow,
2017 2335 2284 2402 nomine
2343 2335 2654 2424 Magistri
2697 2333 2862 2400 Wil-

754 2437 961 2504 helmi
992 2437 1291 2514 Thomas,
1315 2457 1434 2520 pro
1470 2443 1503 2471 “
1522 2433 1835 2501 Lawrens
1867 2436 2125 2518 Halle,”
2159 2439 2508 2525 fidejussor
2525 2439 2626 2507 W.
2659 2439 2860 2526 Hayl.

847 2541 1053 2622 Idem,
1100 2539 1367 2604 nomine
1412 2537 1515 2604 W.
1565 2538 1789 2604 Baron
1855 2561 1974 2625 pro
2041 2541 2323 2628 gardino
2377 2563 2658 2620 annexo,
2703 2542 2864 2607 fide·-

746 2644 1033 2731 jussores
1078 2641 1180 2707 W.
1231 2640 1419 2726 Hayl
1462 2644 1531 2704 eb
1576 2640 1860 2706 Thomas
1903 2642 2171 2729 Awfyn,
2220 2651 2256 2680 “
2277 2645 2664 2732 coweyser?

850 2745 1171 2834 Magister
1215 2743 1537 2810 Ricardus
1582 2745 1824 2831 Toppe‚
1867 2747 2135 2812 nomine
2199 2749 2483 2835 proprio,
2529 2769 2650 2836 pro
2711 2745 2864 2814 aula

756 2856 792 2886 “
822 2850 1011 2916 Latae
1057 2853 1266 2936 portae
1285 2846 1322 2871 ”
1368 2848 1442 2911 in
1485 2847 1796 2934 parochia
1842 2847 2160 2916 Omnium
2207 2851 2620 2919 Sanctorum.

849 2946 1057 3033 Idem,
1103 2950 1369 3017 nomine
1415 2950 1722 3037 Magistri
1765 2951 1813 3017 J
1818 2950 1920 3016 oh.
1965 2951 2192 3033 Ward,
2239 2977 2358 3042 pro
2402 2955 2558 3021 aula
2601 2954 2828 3021 Vinea.

2149 1402 2508 1489 fidejussor,
2579 1401 2862 1467 Thomas

2240 1506 2326 1571 M„
2360 1505 2440 1571 de
2475 1504 2812 1570 Brasnose.

846 3056 1164 3143 Magister
1225 3052 1334 3121 W.
1404 3053 1806 3140 Goodyeere,
1873 3056 2142 3123 nomine
2209 3058 2490 3145 proprio,
2536 3081 2656 3146 pro
2709 3058 2864 3123 aula

756 3157 931 3227 Alba
974 3160 1047 3223 in
1091 3158 1239 3223 vieo
1287 3161 1689 3224 catenarum.

847 3261 1054 3340 Idem,
1097 3261 1369 3327 nomine
1414 3260 1720 3348 Magistri
1768 3258 2048 3329 Walteri
2095 3262 2280 3343 Bake,
2328 3286 2446 3351 pro
2493 3265 2652 3333 aula
2711 3263 2864 3331 alba

754 3388 955 3454 prope
1000 3384 1241 3430 muros

844 3470 1164 3556 Magister
1223 3466 1506 3535 Thomas
1566 3466 1810 3555 Bayly,
1855 3472 2124 3537 nomine
2176 3471 2460 3539 doctoris
2511 3472 2860 3551 Saunders,

754 3594 871 3660 pro
918 3579 957 3609 “
979 3570 1198 3638 Greek
1242 3568 1497 3635 Halle.'’

846 3675 1054 3753 Idem,
1122 3673 1389 3753 nomine
1452 3672 1766 3761 ejusdem,
1819 3697 1941 3765 pro
2017 3676 2238 3744 schola
2303 3675 2475 3763 juris
2549 3678 2862 3757 canonici,
2965 3767 2971 3773 ι

754 3778 1169 3865 fidejussores
1246 3776 1292 3843 J
1295 3776 1584 3843 ohannes
1648 3778 1846 3859 Beek,
1941 3786 1976 3815 “
1999 3778 2302 3863 brewerJ'
2379 3787 2448 3847 eb
2523 3782 2570 3849 J
2574 3784 2863 3849 ohannes

755 3882 1027 3969 Couper,
1072 3880 1397 3968 parochiae
1445 3880 1786 3946 Michaelis
1832 3884 2159 3950 australis..

844 3985 1163 4073 Magister
1239 3984 1566 4052 Henricus
1642 3984 2006 4070 Strouther,
2083 3986 2350 4054 nomine
2401 3990 2682 4078 proprio,
2743 4009 2862 4079 pro

758 4098 796 4127 “
828 4090 1215 4178 Hampbone
1259 4086 1509 4164 Hanf’,
1596 4138 1604 4145 .

844 4193 1129 4259 Thomas
1204 4190 1442 4281 Bayly,
1508 4188 1778 4260 no'mine
1824 4188 2138 4283 Magistri
2187 4193 2478 4284 Kilyow,
2511 4216 2630 4285 pro
2677 4204 2716 4237 “
2739 4196 2863 4267 00⁴

753 4302 991 4367 ventre
1037 4293 1293 4362 Halle.”

844 4399 1167 4488 Magister
1209 4400 1257 4466 J
1260 4400 1555 4469 ohannes
1585 4397 1904 4485 Temmes,
1935 4404 2206 4471 nomine
2236 4404 2501 4493 proprio
2547 4428 2665 4493 pro
2709 4405 2865 4471 aula

755 4501 1099 4569 Edmundi
1142 4504 1217 4567 in
1265 4503 1554 4573 Oriente.

842 4607 1049 4687 Idem,
1096 4607 1361 4674 nomine
1414 4604 1700 4679 doctoris
1730 4598 1780 4677 J
1783 4610 2062 4683 ohannis
2110 4610 2356 4691 Fisher,
2405 4633 2524 4701 pro
2568 4610 2864 4700 gardinis

751 4732 1045 4779 annena
