3466 5635
527 3096 597 3147 A.
615 3110 692 3147 aa.
720 3100 815 3145 122
841 3110 887 3147 a.

949 835 1078 898 656
1506 843 1682 895 AcrA
1727 845 1963 894 cunm
2010 841 2491 894 cANanLAnn.

950 1051 1222 1110 marcas,
1284 1029 1462 1096 unde
1520 1029 1672 1094 vult
1744 1028 1921 1092 idem
1999 1028 2319 1114 Magister
2379 1026 2705 1092 Ricardus
2784 1031 2863 1090 ut
2936 1026 3056 1090 flat

951 1153 1372 1219 recompensa
1446 1130 1662 1196 eidem
1737 1151 1855 1216 pro
1927 1134 2079 1195 rata
2155 1128 2369 1194 debiti
2444 1128 2601 1192 hinc
2659 1127 2835 1208 inde,
2886 1128 3057 1193 sicut

950 1234 1200 1300 factum
1260 1238 1364 1300 est
1415 1233 1565 1298 aliis
1609 1230 1951 1318 legatoriis
2003 1231 2077 1296 in
2120 1234 2524 1296 testamento
2570 1230 2733 1296 dicti
2798 1229 3056 1316 Rogeri,

951 1337 1034 1402 de
1077 1336 1226 1402 aliis
1271 1345 1406 1400 no‘n
1451 1334 1869 1413 recordatur;

1037 1439 1232 1518 Item,
1293 1437 1444 1502 vult
1502 1437 1678 1502 idem
1744 1435 2065 1521 Magister
2120 1433 2444 1499 Ricardus
2489 1446 2571 1498 ut
2629 1434 2853 1499 nullus
2912 1453 3059 1499 exe-

949 1544 1256 1604 cutorum
1315 1559 1588 1604 suorum
1644 1538 1888 1603 habeat
1946 1537 2127 1602 bona
2183 1535 2279 1601 eis
2330 1535 2553 1623 legata
2596 1539 2665 1602 et
2710 1536 2843 1600 alia
2886 1536 3061 1601 bona

949 1640 1044 1705 eis
1103 1639 1351 1719 relicta,
1397 1640 1454 1704 si
1513 1661 1653 1704 non
1703 1639 2063 1725 susceperit
2124 1637 2771 1703 administrationem
2832 1642 2901 1703 et
2960 1659 3059 1702 ac-

949 1742 1227 1808 tualiter
1285 1741 1856 1806 administraverit
1915 1739 2374 1806 executionem
2433 1739 2631 1826 hujus
2676 1739 3057 1805 testamenti

953 1844 1073 1922 sui,
1124 1843 1240 1908 sed
1285 1843 1460 1929 quod
1506 1843 1724 1930 portio
1756 1841 1934 1908 illius
1979 1842 2344 1908 recusantis
2390 1847 2713 1908 accrescat
2755 1841 3055 1929 proximo

953 1944 1300 2011 consortiis
1344 1945 1482 2010 suis
1525 1945 1668 2012 sive
1714 1945 2044 2010 consortio
2089 1965 2208 2010 suo
2238 1970 2255 2026 ς

1039 2049 1092 2114 I
1087 2054 1234 2126 tem,
1295 2047 1442 2133 lego
1517 2047 1637 2112 uni
1710 2045 1869 2112 filiae
1942 2045 1989 2110 J
1990 2047 2269 2112 ohannis
2338 2043 2611 2132 Wykes,
2672 2046 3055 2131 cuicumque

947 2151 1158 2238 primo
1219 2149 1566 2226 maritatae,
1611 2149 1698 2213 ad
1757 2149 1965 2235 ipsius
2017 2147 2447 2236 maritagium
2505 2148 2755 2235 viginti
2801 2147 3057 2224 solidos,

946 2258 1017 2319 et
1077 2253 1266 2319 Lorae
1328 2253 1511 2330 Bere,
1565 2251 1722 2316 filiae
1782 2251 2062 2317 Roberti
2123 2253 2308 2333 Bere,
2372 2273 2522 2317 cum
2599 2251 2681 2316 de
2740 2271 3055 2316 consensu

942 2355 1158 2442 patris
1203 2354 1308 2420 sui
1353 2354 1440 2420 ad
1485 2352 1911 2440 maritagium
1954 2355 2346 2440 pervenerit,
2396 2354 2620 2419 decem
2664 2353 2945 2432 solidos3

1032 2458 1085 2523 I
1080 2463 1227 2539 tem,
1277 2456 1425 2543 lego
1485 2456 1761 2522 cuilibet
1805 2475 2158 2542 puerorum
2202 2477 2519 2538 meorum,
2564 2455 2651 2522 ad
2703 2453 3054 2521 exhibitio-

944 2579 1098 2624 nem
1145 2579 1332 2623 suam
1377 2557 1451 2622 in
1495 2557 1750 2638 scholia
1797 2558 2240 2645 quadraginta
2283 2558 2628 2639 denarios3

1035 2659 1224 2739 Item,
1273 2659 1431 2744 quia
1497 2658 1820 2745 Magister
1882 2659 2259 2747 Stephanus
2324 2660 2639 2747 Morpath
2704 2659 2943 2724 clamat
2988 2663 3058 2723 et

942 2760 1122 2850 petit
1165 2783 1370 2827 unam
1415 2765 1661 2828 certam
1705 2783 2029 2827 summam
2061 2763 2373 2851 pecuniae,
2405 2765 2730 2828 mutuatae
2761 2760 2943 2841 mihi,
2978 2765 3058 2826 ut

947 2864 1130 2944 dicit,
1177 2863 1260 2928 de
1305 2885 1438 2949 qua
1481 2886 1615 2929 non
1674 2862 1995 2946 recordor,
2040 2865 2191 2931 volo
2245 2863 2422 2950 quod
2482 2868 2865 2929 executores
2924 2862 3057 2927 mei

947 2964 1205 3031 Weniae
1251 2968 1648 3032 concordent
1693 2988 1932 3046 secum,
1976 2967 2137 3032 visis
2182 2967 2363 3055 prius
2408 2966 2804 3045 evidentiis3

1036 3067 1227 3146 Item,
1276 3069 1426 3133 volo
1473 3070 1649 3154 quod
1691 3073 1843 3155 post
1888 3076 2168 3135 mortem
2200 3092 2431 3149 meam,
2465 3070 2640 3135 bona
2669 3089 2819 3133 mea
2846 3067 3057 3153 magis

947 3170 1248 3256 pretiosa,
1292 3169 1612 3249 videlicet,
1652 3170 1896 3257 jocalia
1943 3171 2024 3237 de
2070 3194 2247 3250 aum,
2278 3172 2578 3237 meliores
2622 3170 2795 3249 libri,
2828 3173 2899 3234 et
2926 3168 3059 3232 alia

947 3293 1374 3357 quaecunque,
1421 3273 1502 3337 de
1572 3273 1813 3358 quibus
1868 3274 2165 3359 pecuniae
2234 3274 2431 3339 citius
2485 3272 2695 3338 levari
2754 3274 3051 3358 possunt,

945 3374 1438 3439 incontinenter
1503 3379 1654 3460 post
1725 3380 2003 3439 mortem
2066 3396 2281 3441 meam
2327 3375 2731 3452 vendantur,
2793 3377 2863 3437 et
2921 3392 3057 3437 non

945 3477 1405 3542 custodiantur
1448 3498 1655 3562 usque
1700 3476 1775 3541 in
1802 3476 2104 3542 futurum
2142 3478 2472 3557 saeculum,
2519 3497 2640 3564 pro
2671 3474 3059 3541 executione

946 3583 1374 3644 executorum
1447 3600 1762 3657 meorum,
1830 3580 1943 3645 sed
2014 3579 2192 3665 quod
2258 3602 2341 3645 ex
2410 3579 2543 3643 illis
2606 3577 2905 3665 pecuniis
2965 3576 3058 3641 sic

943 3681 1333 3767 inpromptu
1377 3680 1698 3745 habendis
1758 3680 1881 3745 fiat
1942 3682 2243 3747 executio
2300 3680 2689 3747 testamenti
2751 3679 2881 3744 mei
2937 3698 3057 3764 pro

943 3782 1166 3848 anima
1212 3804 1376 3863 mea,
1423 3804 1572 3868 quae
1617 3787 1718 3848 est
1762 3784 2067 3848 omnibus
2111 3784 2306 3850 rebus
2350 3782 2713 3871 pretiosior,
2761 3786 2832 3848 et
2890 3780 3057 3845 hanc

947 3883 1307 3949 clausulam
1373 3888 1443 3950 et
1503 3885 1897 3971 particulam
1944 3886 2311 3953 voluntatis
2373 3908 2537 3952 meae
2582 3884 2737 3949 volo
2786 3882 3057 3949 omnino

943 3986 1196 4051 servari
1240 4010 1257 4066 ;
1331 3990 1400 4052 et
1462 3987 1520 4051 si
1582 3988 2085 4073 supervenerint
2146 3988 2355 4073 aliqui
2416 3986 2741 4077 petitores
2805 3990 3056 4074 postea,

943 4093 1105 4153 tunc
1150 4092 1374 4175 potest
1417 4088 1550 4154 dici
1596 4090 1774 4174 quod
1815 4090 2010 4178 plene
2054 4090 2597 4156 administratum
2644 4094 2787 4169 est3

1028 4188 1222 4270 Item,
1254 4188 1425 4271 volo,
1459 4190 1513 4255 si
1559 4190 1737 4256 bona
1780 4214 1942 4271 mea,
1990 4193 2061 4257 in
2108 4193 2431 4259 alterutro
2470 4192 2763 4257 locorum
2810 4187 3055 4255 benefi-

943 4290 1190 4355 ciorum
1221 4313 1516 4357 meorum
1545 4293 1919 4373 existentia,
1953 4316 2088 4360 non
2117 4294 2447 4361 sufficiant
2475 4294 2561 4359 ad
2592 4290 3059 4381 complendum

944 4413 1145 4457 onera
1204 4394 1514 4460 alterutri
1581 4396 2049 4463 beneficiorum
2108 4397 2578 4474 incumbentia,
2628 4395 2827 4482 [tunc
2870 4392 3055 4479 volo]

944 4494 1121 4580 quod
1164 4495 1357 4576 bona,
1406 4518 1555 4583 quae
1601 4502 1762 4565 sunt
1804 4500 1876 4564 in
1922 4500 2133 4565 altero
2178 4500 2659 4575 beneficiorum,
2697 4497 2805 4562 vel
2842 4494 3063 4580 cujus-

942 4617 1203 4681 cunque
1248 4598 1554 4679 locorum,
1603 4602 1957 4689 suppleant
2000 4607 2070 4667 et
2113 4602 2486 4690 compleant
2550 4621 2717 4666 onus
2784 4598 3065 4663 alterius

939 4698 1257 4776 beneficii,
1331 4701 1706 4788 ubicunque
1780 4704 2045 4787 fuerint,
2122 4704 2457 4791 aliquibus
2533 4701 2844 4769 clausulis
2922 4720 3067 4765 non

939 4800 1378 4869 obstantibus.
