3466 5635
799 855 987 903 LIBRI
1035 855 1496 907 CANOELLARH
1547 861 1630 907 ΕΤ
1675 861 2245 910 PRostURATORUM.
2426 847 2557 917 4¹97

1140 1076 1236 1162 Of
1269 1077 1442 1142 their
1483 1078 1866 1145 Aeeou-ntsst

553 1223 742 1304 Item,
807 1245 924 1311 pro
985 1225 1365 1290 custodibus
1430 1227 1741 1292 cistarum
1804 1235 2140 1294 statutum
2197 1235 2306 1306 est,
2376 1231 2553 1320 quod

2577 1233 3001 1328 masaa

463 1327 762 1391 custodes
824 1327 1152 1406 cistarum,
1219 1333 1568 1414 postquam
1644 1329 1804 1394 novi
1879 1328 2067 1394 electi
2142 1329 2392 1395 fuerint
2465 1330 2553 1395 ad
2577 1337 2627 1396 οξ
2638 1336 2720 1378 the
2736 1345 2837 1376 new
2851 1347 2985 1386 suar-

2576 1385 2709 1428 dians
2734 1383 2816 1426 the
2831 1384 3002 1430 former

461 1427 738 1507 easdem,
785 1449 870 1493 ex
919 1429 1197 1514 antiquo
1240 1436 1493 1495 statuto
1538 1437 1856 1496 tenentur
1895 1431 2165 1497 reddere
2208 1433 2554 1498 ratiocinia
2576 1436 2820 1498 “pamm
2836 1435 2955 1479 ’ΜΠ

461 1637 817 1696 teneantur
883 1631 1326 1699 Cancellarius
1389 1642 1457 1700 et
1522 1634 1979 1700 Procuratores
2047 1635 2398 1722 diligenter
2454 1637 2554 1701 in-

461 1734 735 1819 quirere,
775 1739 846 1799 et
885 1735 967 1800 de
1013 1734 1375 1801 defectibus
1418 1738 1695 1823 receptis
1739 1738 1810 1801 in
1858 1738 2101 1802 eisdem
2147 1739 2287 1804 sine
2332 1761 2556 1826 accep-

461 1837 719 1902 tatione
761 1859 1202 1923 personarum,
1261 1839 1547 1904 censuris
1605 1840 1845 1924 quibus
1904 1843 2219 1925 poterunt
2277 1842 2556 1927 punient

463 1937 932 2024 delinquentes.

1063 2129 1158 2216 Of
1191 2129 1294 2198 the
1336 2131 1493 2197 Sale
1539 2131 1618 2217 of
1652 2129 1971 2214 Pledyes}

553 2269 745 2345 Item,
802 2269 889 2333 ad
933 2269 1346 2333 voluntatem
1414 2267 1665 2332 domini
1723 2266 1910 2331 nulla
1972 2266 2277 2332 tradatur
2335 2268 2553 2332 cautio

461 2376 656 2435 extra
684 2371 936 2447 cistam,
964 2377 1321 2455 antequam
1358 2370 1747 2456 praestiterit
1776 2369 2082 2433 dominus
2101 2369 2551 2453 juramentum

462 2474 637 2558 quod
681 2473 767 2538 ad
798 2473 918 2537 hoc
947 2472 1353 2536 solummodo
1398 2472 1568 2557 petit
1613 2472 1751 2558 ipse
1780 2471 2151 2536 cautionem
2181 2470 2363 2535 illam
2396 2493 2549 2534 ven-

464 2575 700 2640 ditioni
763 2597 898 2640 esse
957 2575 1340 2661 expositam,
1405 2579 1482 2637 ut
1542 2573 1917 2652 vendatur3
1995 2572 2170 2659 quod
2230 2573 2285 2637 si
2344 2573 2549 2659 ipsam

461 2682 1015 2764 super-annuatam
1058 2698 1196 2742 esse
1243 2675 1553 2762 contigeri
1561 2681 1606 2751 t,
1649 2679 1961 2741 teneatur
2003 2675 2442 2751 stationarius,
2486 2676 2555 2738 in

463 2781 766 2867 proxima
808 2778 1315 2866 proclamatione
1359 2783 1690 2863 sequente,
1737 2776 2007 2843 eandem
2059 2778 2424 2843 cautionem
2470 2778 2555 2849 ad
2600 2779 2605 2786 ’

463 2885 693 2949 cistam
738 2882 1004 2959 deferre,
1047 2884 1258 2968 ipsam
1288 2882 1370 2947 de
1416 2902 1590 2946 novo
1635 2880 2082 2967 appreciandO,
2130 2882 2185 2945 si
2234 2888 2550 2965 oporteat,-

465 2993 542 3051 ut
587 2985 784 3051 moris
832 2990 949 3050 est.
1071 3006 1084 3019 ·

935 3196 1030 3283 Of
1058 3197 1160 3263 the
1205 3196 1602 3283 Inspection
1643 3196 1720 3281 of
1759 3195 2074 3279 Pledqee}

555 3332 742 3413 Item,
796 3337 1148 3398 teneantur
1199 3332 1500 3399 custodes
1544 3333 1875 3411 cistarum,
1930 3332 2203 3419 singulis
2254 3333 2555 3397 terminis

463 3435 692 3499 saltem
738 3436 954 3516 semel,
1003 3436 1338 3502 cautiones
1392 3434 1465 3499 in
1517 3436 1826 3500 manibus
1872 3434 2405 3499 stationariorum
2458 3457 2557 3499 re-

463 3545 698 3623 petere,
746 3544 825 3602 ut
870 3538 950 3603 de
1012 3538 1192 3603 omni
1255 3538 1560 3603 cautione
1622 3538 1716 3603 eis
1762 3537 1868 3603 vel
1928 3536 2123 3601 alicui
2183 3535 2552 3602 eorumdem

463 3639 780 3726 exposita,
841 3640 957 3705 ubi
1021 3639 1270 3705 fuerint
1329 3640 1671 3705 evidenter
1713 3644 2043 3727 appareat,
2089 3638 2369 3724 qualiter
2426 3639 2551 3725 ipsi

461 3742 837 3819 stationarii
881 3742 1018 3807 suis
1061 3741 1501 3829 respondeant
1545 3741 1937 3807 indenturis.

957 3848 999 3881 d

647 3966 740 4052 of
773 3966 874 4032 the
917 3964 1296 4033 Vazwatwn
1340 3966 1418 4051 of
1452 3948 1630 4033 them
1675 3966 1759 4051 by
1806 3966 1908 4032 the
1949 3964 2371 4032 stationem}

558 4124 740 4200 Item,
786 4122 961 4210 quod
1021 4129 1375 4189 teneantur
1418 4124 1788 4189 stationarii
1852 4130 1919 4188 et
1971 4144 2195 4188 eorum
2257 4121 2551 4209 quilibet,

464 4226 587 4291 sub
631 4226 855 4292 debito
913 4226 1199 4313 praestiti
1248 4226 1630 4311 juramenti,
1690 4225 2167 4313 qualescunque
2225 4225 2557 4290 cautiones

465 4330 796 4407 cistarum,
843 4351 992 4394 cum
1038 4350 1162 4415 per,
1205 4328 1505 4394 custodes
1553 4328 1855 4413 requisiti
1908 4328 2231 4405 affuerint,
2276 4326 2560 4391 fideliter

462 4432 850 4519 appreciare‚
882 4432 1128 4517 absque
1172 4432 1352 4495 omni
1397 4427 1654 4495 cautela
1697 4430 1837 4495 sive
1884 4431 1969 4495 ad
2014 4432 2255 4517 seipsos
2302 4429 2443 4494 sive
2473 4429 2554 4493 ad

461 4534 621 4599 alios
685 4534 1225 4620 qualitercunque
1281 4533 1507 4598 relata.
1643 4532 1964 4598 Custodes
2025 4554 2179 4598 vero
2247 4532 2555 4596 cistarum

461 4638 750 4727 aliquam
793 4639 1180 4718 cautionem,
1213 4639 1458 4723 absque
1494 4638 1978 4724 appreciatione
2008 4638 2556 4711 stationariorum‚

921 4801 1031 4807 -—
1089 4802 1100 4807 -
1119 4802 1134 4805 -
1229 4802 1238 4807 .
1257 4800 1557 4807 ,ψ’-ῃ---
1576 4800 1672 4805 -ῴῳ
1695 4800 1747 4805 -—
1775 4798 1833 4807 ...-
1889 4799 2021 4806 -·.—-
2057 4801 2068 4805 -
2092 4800 2193 4805 ---—-

1089 4842 1112 4875 6

1257 4915 1270 4945 ¹
1295 4914 1378 4964 No
1399 4913 1534 4964 titles
1555 4913 1610 4963 in
1635 4912 1750 4962 MS.
2267 4983 2297 5023 3

2114 4996 2131 5041 l
2188 4996 2212 5041 ῐ
2260 4994 2297 5042 Σ.

460 1528 634 1594 infra
677 1551 961 1596 mensem
1022 1531 1278 1618 integre
1325 1538 1393 1597 et
1437 1533 1799 1619 complete;
1845 1534 2037 1620 quod,
2086 1533 2266 1620 lapso
2304 1557 2551 1615 mense,
2576 1486 2816 1580 {aeumu-
2830 1497 2902 1530 ⁸⁰-

2698 1538 2757 1580 τι.
2840 1555 2849 1564 ·

2708 1588 2770 1636 Β.
2796 1589 2876 1636 99.

2712 1655 2769 1705 C.
2794 1659 2875 1704 36.

2690 2189 2697 2198 ·
2712 2159 2768 2210 C.
2796 2165 2876 2209 50.
