3466 5635
703 855 890 906 mim
935 854 1394 907 cANcmLAml
1443 855 1529 906 m·
1574 857 2155 910 Pnocumronum.
2345 848 2471 912 451

371 1027 728 1094 dubitatur
785 1027 974 1115 cujus
1033 1027 1410 1116 sumptibus
1470 1028 1837 1096 celebratur
1896 1031 2203 1119 incepti0‚
2264 1032 2479 1100 decla-

370 1138 582 1198 ratur
642 1130 860 1217 quoad
925 1135 1182 1196 statuta
1255 1135 1326 1196 et
1401 1132 1906 1200 consuetudines
1982 1133 2476 1217 Universitatis,

369 1234 550 1320 quod
592 1255 714 1320 pro
748 1255 882 1299 una
915 1254 1194 1321 persona
1231 1233 1602 1299 habeantur
1637 1235 1708 1300 in
1744 1236 2117 1324 sumptibus
2160 1237 2477 1306 faciendis

367 1337 444 1404 in
485 1335 866 1426 hujusmodi
906 1336 1280 1423 inceptione
1325 1336 1724 1406 celebranda.

864 1549 962 1637 of
995 1547 1482 1635 Disputatimw
1525 1548 1605 1636 of
1640 1549 1967 1636 Reqents}

458 1690 509 1755 Ι
501 1697 649 1770 tem,
725 1709 844 1777 pro
919 1686 1359 1754 declaratione
1431 1688 1672 1754 statuti
1740 1711 1871 1774 quo
1948 1694 2219 1756 cavetur
2292 1691 2471 1778 quod
2494 1701 2897 1807 {auggg-lgm

365 1791 652 1879 quilibet
719 1791 980 1880 Regens
1045 1790 1339 1877 disputet
1413 1790 1556 1855 vioe
1621 1813 1761 1871 sua,
1823 1798 2090 1880 propter
2154 1794 2469 1881 majorem
2491 1805 2546 1848 or
2558 1805 2753 1898 agother

364 1893 838 1960 certitudinem
895 1898 1258 1968 statuatur,
1305 1890 1481 1976 quod
1541 1893 1763 1959 nullus
1822 1895 1967 1960 vice
2025 1895 2295 1962 alterius
2340 1897 2469 1962 dis-
2491 1859 2921 2002 ffiffaepfflffi

363 2001 571 2083 putet,
618 1995 751 2062 nisi
793 1995 1088 2061 fortassis
1139 1991 1222 2059 de
1281 1993 1500 2079 gratia
1545 1997 1856 2082 speciali3
1915 1998 2093 2083 quod
2135 1998 2193 2063 si
2236 1999 2469 2065 absens
2594 1989 2607 2001 ”

361 2098 514 2185 quis
541 2098 746 2164 fuerit
790 2097 896 2164 die
941 2119 1074 2184 quo
1108 2097 1196 2161 ad
1231 2115 1383 2159 eum
1421 2097 1753 2180 pertineat
1775 2098 1803 2136 ⁸
1847 2098 2231 2187 disputasse,
2272 2101 2469 2166 alius·

361 2223 492 2289 que
536 2202 754 2267 senior
797 2222 874 2266 eo
919 2196 1366 2287 disputaverit
1408 2197 1523 2263 illo
1570 2199 1696 2280 die,
1729 2206 2036 2268 teneatur
2074 2223 2211 2267 non
2246 2202 2464 2269 minus

361 2304 626 2390 quando
671 2303 958 2402 redierit,
1003 2303 1064 2368 si
1123 2303 1383 2388 Regens
1443 2322 1581 2368 esse
1625 2304 1927 2383 voluerit,
1974 2305 2188 2371 vicem
2228 2306 2465 2393 prioris

359 2427 501 2472 suae
544 2405 862 2473 absentiae
921 2407 1324 2495 disputando
1382 2407 1686 2494 supplere
1745 2407 2047 2494 proximo
2094 2407 2201 2474 die
2244 2408 2465 2496 dispu-

359 2507 560 2575 tabili
604 2512 768 2575 tunc
811 2515 1136 2595 sequente.

784 2713 880 2800 Os
913 2713 1324 2781 Achaiam
1369 2721 1433 2782 to
1484 2713 2041 2801 ammo-eyationst-

451 2850 644 2933 Item,
708 2874 829 2939 pro
896 2852 1335 2919 declaratione
1407 2852 1588 2919 illius
1661 2852 1901 2917 statuti
1968 2872 2098 2938 quo
2173 2859 2458 2931 cavetur,

356 2954 538 3041 quod
598 2954 822 3020 nullus
884 2954 960 3019 in
1011 2955 1514 3043 congregatione
1576 2954 1975 3042 Regentium
2042 2953 2456 3035 admittatur,

355 3057 489 3121 m'si
534 3057 844 3122 continue
901 3056 1080 3144 legat
1139 3058 1372 3123 saltem
1394 3056 1422 3095 ⁸
1468 3056 1663 3123 modo
1707 3062 2017 3123 consueto
2062 3078 2193 3141 quo
2236 3056 2459 3123 hacte-

354 3180 486 3224 nus
565 3159 706 3225 fieri
795 3160 1209 3225 consueverit
1283 3182 1325 3225 a
1400 3158 1837 3225 communiter
1924 3157 2296 3245 legentibus
2384 3161 2456 3225 in

354 3261 588 3327 eadem
631 3260 959 3341 facultate,
1001 3284 1298 3348 expresse
1355 3260 1730 3340 statuitur-,⁴
1792 3260 1971 3346 quod
2026 3260 2251 3327 nullus
2307 3268 2455 3327 tan-

354 3384 559 3450 quam
604 3362 865 3451 Regens
909 3364 984 3428 in
1042 3363 1356 3430 facultate
1403 3364 1652 3429 artium
1711 3368 2072 3441 censeatur,
2124 3384 2243 3429 nec
2304 3386 2457 3430 con-

353 3466 728 3555 gregationi
755 3464 783 3503 ⁶
871 3466 1246 3553 hujusmodi
1336 3467 1749 3547 admittatur,
1840 3465 1972 3531 nisi
2062 3466 2133 3530 in
2224 3468 2451 3533 eadem

353 3568 786 3651 hebdomada,
832 3574 984 3657 post
1026 3569 1136 3636 vel
1180 3574 1394 3647 antea,
1439 3568 1675 3656 legerit
1717 3590 1836 3657 per
1872 3568 2290 3634 medietatem
2336 3576 2455 3637 aut

353 3672 672 3758 majorem
737 3676 993 3759 partem
1057 3672 1312 3752 dierum
1379 3671 1746 3759 legibilium
1813 3671 1885 3736 in
1952 3670 2197 3751 eadem,
2266 3676 2336 3738 et
2396 3673 2453 3739 si

353 3774 548 3862 pleno
594 3775 666 3838 in
709 3775 993 3840 termino
1037 3774 1240 3841 fuerit
1269 3779 1338 3840 et
1381 3774 1522 3840 dies
1565 3773 2099 3857 continuaverint
2142 3773 2453 3861 legibiles,

351 3878 573 3964 plures
617 3898 878 3963 unoque
920 3875 1185 3957 fuerint,
1233 3877 1412 3963 quod
1456 3877 1632 3943 idem
1693 3875 2012 3963 Magister
2056 3898 2337 3963 praesens
2378 3878 2453 3944 in

353 3978 520 4045 villa
577 3999 695 4067 per
752 3981 1028 4045 eandem
1088 3978 1583 4059 hebdomadam,
1645 4001 1768 4044 nec
1810 3978 2201 4044 infirmitate
2260 3983 2452 4066 gravi

351 4088 476 4147 aut
518 4104 715 4149 causa
757 4082 970 4148 altera
1011 4081 1391 4168 hujusmodi
1436 4082 1646 4147 ardua
1705 4078 2157 4169 praepeditus,⁶
2200 4083 2451 4149 nemini

353 4206 616 4273 quoque
673 4207 742 4251 se
803 4184 1148 4251 absentare
1207 4206 1402 4251 causa
1458 4206 1594 4249 non
1644 4183 1907 4273 legendi
1964 4183 2158 4250 liceat
2216 4188 2451 4272 quovis

349 4288 560 4353 modo,

1529 4422 1692 4431 -———‘—-—
1696 4422 1890 4429 ——-—.-

421 4498 438 4529 ¹
459 4496 544 4549 No
563 4497 702 4548 titles
723 4498 780 4547 in
801 4496 956 4547 MSS.
1165 4548 1174 4565 ⁸
1513 4496 1533 4526 ⁸
1553 4494 1747 4545 Ensed
1766 4493 1893 4544 inB.
1944 4494 2109 4545 There
2130 4494 2175 4543 is
2193 4496 2455 4562 evidently

421 4578 444 4607 ²
457 4580 712 4643 pertineat,
730 4574 792 4627 B.
819 4594 836 4638 ς
867 4576 1175 4643 pertinuerit,
1199 4576 1257 4628 C.
1447 4590 1512 4625 an
1535 4574 1782 4624 omission
1797 4574 1932 4635 here,
1951 4574 2150 4639 though
2167 4589 2237 4624 no
2258 4574 2453 4627 indica-

420 4656 443 4685 ⁸
463 4652 641 4717 σαὶεἰιιι,
661 4655 722 4705 Β.
1449 4654 1557 4705 tion
1581 4653 1642 4703 of
1663 4654 1704 4706 it
1740 4668 1917 4704 occurs
1948 4653 2003 4702 in
2040 4653 2127 4704 the
2152 4652 2361 4720 writing
2398 4654 2460 4705 of

418 4738 440 4769 ⁴
460 4742 724 4796 tumtur,
749 4734 808 4786 C.
1449 4734 1537 4785 the
1557 4732 1672 4785 MS.

419 4818 442 4846 ³
461 4816 841 4882 conqroyutt‘one,
865 4813 923 4865 Ο.
