3466 5635
1283 860 1653 913 ,ΑΡΡΕΝΒῙΧ
1699 865 1755 913 e.
2438 849 2568 921 '7¹79

471 1048 739 1128 fuerint,
772 1049 1133 1114 secundum
1179 1048 1356 1134 quod
1400 1049 1690 1116 ordinati
1735 1053 1927 1116 erant
1971 1071 2012 1115 a
2054 1051 2321 1117 domino
2354 1051 2453 1118 W.
2487 1051 2569 1118 de

474 1151 689 1217 Ebor:
743 1152 831 1216 ad
881 1151 1323 1216 exhibendam
1365 1152 1702 1237 justitiam
1751 1173 1901 1218 cum
1945 1153 2283 1240 praepositi
2343 1153 2569 1220 abfue-

471 1255 630 1333 rint,
651 1254 775 1320 sub
805 1253 1030 1319 eadem
1059 1275 1259 1341 poena
1287 1275 1418 1340 qua
1435 1255 1772 1341 praepositi
1801 1258 2117 1320 tenentur
2142 1256 2200 1320 si
2229 1255 2567 1345 negligen-

469 1361 577 1423 tes
603 1355 718 1422 vel
745 1356 1058 1422 malitiosi
1087 1355 1534 1438 inveniantur,
1567 1362 1638 1424 et
1668 1358 1850 1443 quod
1892 1357 2177 1444 quilibet
2222 1359 2569 1446 burgensis

475 1458 756 1525 Oxoniae
802 1480 922 1545 pro
965 1458 1216 1524 familia
1257 1467 1378 1525 'sua
1421 1462 1833 1548 respondeat,
1863 1463 1963 1528 ita
2007 1461 2187 1548 quod
2228 1463 2286 1528 si
2330 1463 2569 1549 aliquis

473 1562 556 1628 de
600 1561 858 1628 familia
898 1584 1018 1627 sua
1057 1567 1338 1628 mortem
1382 1563 1492 1628 vel
1533 1586 1802 1650 gravem
1848 1564 2162 1649 injuriam
2206 1565 2405 1631 alicui
2446 1566 2568 1632 cle-
2648 1581 2653 1588 ’

471 1666 611 1732 rico
653 1665 761 1732 vel
804 1665 942 1730 suis
985 1665 1246 1746 inferat,
1291 1665 1777 1732 malefactorem
1823 1667 2137 1733 exhibeat
2180 1667 2354 1734 idem
2408 1668 2565 1736 bur-

467 1767 705 1855 gensiS‚
751 1772 830 1833 ut
871 1768 994 1832 fiat
1039 1767 1120 1832 de
1165 1789 1244 1832 eo
1278 1767 1563 1852 justitia,
1625 1769 1923 1856 alioquin
1967 1769 2317 1858 infligatur
2368 1793 2568 1860 poena

471 1871 831 1939 secundum
889 1869 1428 1937 consuetudinem
1489 1873 1716 1958 regni:
1777 1876 1849 1939 et
1895 1873 2410 1961 quotiescunque
2454 1875 2565 1941 de·

472 1975 629 2042 beat
671 1975 816 2040 fieri
859 1974 1210 2060 temptatio
1255 1972 1444 2060 panis
1488 1978 1559 2040 et
1602 1973 1938 2040 cerevisiae
1977 1976 2064 2042 ab
2109 1976 2353 2043 eisdem
2413 1977 2569 2043 bur-

471 2078 801 2165 gensibus,
859 2076 1257 2164 praecedenti
1333 2076 1440 2141 die
1513 2076 1952 2144 denuncietur
2022 2078 2423 2146 Cancellario
2497 2086 2568 2148 et

475 2180 1020 2248 Procuratoribus
1081 2177 1562 2244 Universitatis
1621 2179 1973 2268 praedictae,
2038 2185 2117 2246 ut
2166 2205 2285 2270 per
2326 2205 2395 2248 se
2455 2183 2567 2250 vel

471 2307 590 2372 per
633 2284 886 2370 aliquos
950 2283 1039 2348 ad
1097 2282 1222 2348 hoc
1282 2281 1636 2369 deputatos
1697 2304 1815 2369 per
1857 2283 2048 2370 ipsos,
2096 2285 2155 2351 si
2213 2285 2564 2368 voluerint,

471 2387 790 2453 intersint
831 2383 1259 2472 temptationi
1301 2384 1653 2470 praedictae,
1683 2384 1981 2471 alioquin
2010 2408 2145 2452 non
2173 2388 2395 2454 valeat
2423 2389 2567 2476 ipsa

474 2489 843 2576 temptatio.
966 2486 1040 2553 Si
1085 2507 1243 2552 vero
1290 2487 1453 2552 dicti
1499 2485 1945 2553 Cancellarius
1988 2494 2058 2555 et
2103 2489 2565 2558 Procuratores

477 2590 956 2658 Universitatis
1017 2611 1135 2677 per
1177 2610 1245 2654 se
1288 2588 1397 2654 vel
1459 2610 1578 2676 per
1620 2610 1772 2655 suos
1835 2590 2149 2658 interesse
2210 2593 2566 2673 noluerint,

473 2695 562 2760 ad
605 2695 986 2782 praedictam
1032 2691 1538 2778 temptationem
1582 2692 2013 2759 nihilominus
2057 2696 2465 2782 procedatur.

563 2801 652 2867 ln
693 2820 974 2887 quorum
1004 2794 1299 2861 omnium
1328 2793 1783 2861 testimonium
1827 2796 2132 2865 dominus
2178 2799 2567 2889 Badulphus

475 2906 652 2973 filius
695 2902 763 2967 N
765 2900 1020 2978 icholai‚
1063 2895 1454 2963 senescallus
1500 2896 1755 2963 domini
1798 2900 1986 2986 regis,
2034 2901 2120 2967 ad
2166 2910 2561 2992 praeceptum

473 3007 769 3095 ejusdem
812 3000 1066 3070 domini
1107 2999 1297 3087 regis,
1327 2998 1484 3065 huic
1525 2999 1768 3088 scripto
1812 3001 2100 3089 sigillum
2146 3024 2339 3071 suum
2366 3028 2566 3095 appo-

475 3112 630 3192 suit,
683 3107 912 3174 eodem
973 3104 1238 3169 domino
1283 3123 1448 3191 ‘rege
1514 3124 1630 3189 per
1681 3103 1909 3169 literas
1985 3126 2137 3171 suas
2206 3110 2566 3177 mandante

475 3209 884 3289 vicecomiti,
948 3206 1204 3292 Majori‚
1265 3210 1334 3271 et
1392 3203 1658 3270 ballivis
1720 3205 1999 3275 Oxoniae
2059 3214 2141 3274 ut
2216 3212 2567 3297 praedictas

473 3315 816 3382 libertates
867 3308 1346 3376 inviolabiliter
1395 3306 1749 3373 observent
1787 3314 1857 3373 et
1896 3308 2143 3375 faciant
2193 3312 2527 3379 observari
2536 3338 2567 3393 κ;

476 3439 642 3505 quas
707 3416 908 3482 etiam
981 3412 1157 3477 idem
1226 3409 1529 3475 dominus
1598 3432 1718 3475 rex
1769 3409 1923 3476 fecit
1980 3412 2333 3493 irrotulari,
2388 3436 2565 3482 anno

475 3520 665 3607 regni
709 3517 811 3583 sui
855 3513 1183 3581 tricesimo
1229 3510 1444 3579 tertio,
1535 3510 1674 3577 Noe
1717 3518 1940 3578 autem
1985 3514 2370 3601 praedictam
2416 3539 2567 3583 con-

474 3621 828 3690 cessionem
890 3615 1220 3705 praedictis
1288 3613 1709 3680 Scholaribus
1768 3636 1965 3703 super
2021 3617 2311 3703 praefatis
2368 3619 2565 3687 liber..

474 3724 733 3791 tatibus
779 3722 862 3787 de
906 3723 1234 3807 praecepto
1281 3722 1505 3782 nostro
1548 3718 1806 3798 factam,
1850 3724 1931 3785 ut
1990 3721 2382 3808 praedictum
2441 3729 2562 3805 est,

473 3831 692 3894 ratam
735 3824 1054 3889 habentes
1098 3827 1167 3887 et
1210 3826 1487 3908 gratam,
1516 3842 1662 3886 eam
1697 3822 2133 3907 praesentibus
2174 3822 2387 3890 literis
2416 3847 2567 3891 nos-

471 3932 598 3996 tris
665 3926 1050 4016 patentibus
1111 3922 1531 3991 scholaribus
1593 3922 1944 3989 antedictis
2006 3926 2434 4007 concedimus,
2494 3934 2563 3994 et

471 4032 676 4117 sigilli
748 4028 962 4095 nostri
1034 4024 1400 4091 munimine
1459 4024 1852 4092 roboramus,
1976 4028 2171 4095 Teste
2242 4052 2347 4096 me
2421 4031 2563 4117 ipso

465 4134 650 4222 apud
693 4130 1106 4208 Wodestoke,
1154 4129 1463 4195 vicesimo
1507 4129 1722 4216 primo
1769 4130 1875 4195 die
1919 4132 1968 4197 J
1968 4130 2127 4210 unii,
2159 4154 2333 4199 anno
2376 4133 2564 4221 regni

472 4235 686 4301 nostri
729 4234 1270 4321 quinquagesimo
1315 4232 1610 4301 secundo.
