3466 5635
573 2451 643 2503 A.
667 2459 748 2504 41.

497 2909 630 2959 ΑΛ).
657 2913 804 2971 1380,

443 2972 666 3027 October
693 2977 826 3027 leth.

901 757 1034 828 '792
1774 775 2125 826 Armumx
2168 777 2219 827 J.

899 965 1080 1024 trum
1126 959 1207 1024 de
1250 964 1432 1025 recto
1477 959 1707 1025 inter
1687 981 1865 1046 ipsos
1896 961 2256 1028 Custodem
2286 969 2355 1028 et
2383 962 2745 1042 Scholares‚
2774 967 3005 1050 peten-

901 1059 1023 1134 teS,
1054 1060 1123 1122 et
1151 1057 1200 1122 J
1201 1058 1528 1124 ohannem
1557 1058 1977 1138 Severmuth‚
2006 1064 2361 1140 tenentem,
2410 1061 2493 1128 de
2536 1062 2796 1128 duabus
2838 1062 3009 1128 soris

903 1163 1098 1225 terrae
1141 1181 1293 1226 eum
1336 1159 1767 1248 pertinentiis
1810 1161 1884 1226 in
1930 1162 2435 1250 Basyngstoke:
2484 1163 2578 1230 Et
2621 1164 2770 1230 ideo
2813 1163 3007 1230 vobis

900 1263 1292 1328 mandamus
1365 1264 1562 1350 quod,
1615 1286 1767 1332 cum
1834 1269 2211 1332 attornatos
2270 1266 2421 1332 illos
2482 1267 2877 1354 receperitis,
2921 1252 3035 1332 de⁴

899 1366 1280 1432 nominibus
1347 1367 1706 1432 eorundem
1766 1370 2253 1434 attornstorum
2326 1368 2518 1434 nobis
2590 1368 2714 1434 sub
2754 1407 2777 1456 .·
2790 1369 3005 1456 sigillo

898 1473 1118 1534 vestro
1146 1468 1461 1534 distincte
1489 1473 1559 1534 et
1587 1473 1815 1556 aperte
1843 1470 1985 1537 sine
2025 1470 2347 1537 dilatione
2376 1475 2675 1538 constare
2702 1471 2963 1538 faciatis
2986 1494 3005 1554 ;

897 1572 1312 1637 remittentes
1355 1571 1545 1638 nobis
1588 1572 1710 1638 hoe
1754 1573 1969 1639 breve.

973 1673 1099 1739 Per
1117 1675 1461 1762 meipsum
1479 1675 1658 1762 apud
1673 1675 2349 1756 westmonasterium,
2366 1675 2605 1762 quinto
2622 1677 2731 1744 die
2754 1675 3003 1756 Martii,

896 1797 1072 1842 anno
1114 1780 1302 1866 regni
1343 1779 1558 1844 nostri
1615 1778 1883 1867 Angliae
1940 1777 2441 1866 quadragesimo
2498 1783 2753 1858 ootsv0,
2812 1781 3001 1867 regni

893 1899 1053 1944 vero
1096 1881 1308 1948 nostri
1352 1879 1648 1949 Franciae
1689 1881 2021 1948 tricesimo
2066 1883 2316 1968 quinto.

895 2439 1173 2506 Litterae
1207 2446 1516 2528 patentes
1559 2435 1911 2526 acquisitae
1946 2461 2077 2525 per
2104 2435 2523 2524 Magi-sitnm
2562 2435 2997 2506 Wilhebmum

1075 2543 1155 2609 de
1197 2543 1280 2608 H
1273 2550 1505 2620 estona,
1554 2540 2065 2609 Camellawlum
2144 2540 2633 2608 Univereitatis
2701 2540 2995 2616 Ooeomloe,

1065 2668 1197 2733 pro
1233 2645 1680 2734 pavium-ento
1723 2643 1907 2709 villae
1952 2639 2248 2727 Ooeowioe,
2282 2665 2471 2711 cmm
2500 2643 2793 2728 Domini
2837 2644 2995 2711 ‘mil-

1075 2747 1307 2815 lesimo
1353 2746 1804 2815 trecentesimo
1850 2745 2256 2834 odom-simo,

983 2886 1321 2964 RicarduS,
1366 2884 1496 2952 Dei
1537 2888 1777 2973 gratia,
1822 2907 1943 2951 rex
1986 2886 2253 2972 Angliae
2298 2892 2369 2953 et
2414 2886 2731 2967 Franciae,
2762 2891 2833 2952 et
2878 2886 2993 2951 do-

892 2990 1110 3055 minus
1155 2989 1518 3067 Hiberniae,
1564 2988 1825 3053 dilectis
1870 2988 2001 3053 sibi
2047 2988 2455 3055 Cancellario
2491 2987 2988 3067 UniversitatiS,

889 3098 958 3157 et
1004 3092 1243 3178 Majori
1286 3092 1466 3157 villae
1511 3091 1808 3167 Oxoniae,
1850 3090 2149 3157 salutem.

979 3195 1219 3261 Sciatis
1264 3194 1460 3281 quod,
1513 3216 1661 3259 cum
1705 3192 2205 3280 paviamentum
2250 3194 2325 3259 in
2370 3195 2536 3261 villa
2578 3198 2809 3261 nostra
2854 3194 2991 3259 Ox-

888 3297 1044 3363 onia
1103 3301 1173 3363 et
1233 3298 1376 3383 ejus
1442 3295 1773 3362 suburbiis
1836 3296 2135 3361 dirutum
2196 3296 2287 3361 sit
2351 3300 2421 3362 et
2482 3294 2854 3361 confectum
2912 3297 2987 3360 in

886 3399 1048 3465 locis
1092 3421 1291 3486 quam
1334 3398 1654 3486 plurimis,
1687 3397 1774 3462 ad
1815 3419 2017 3484 grave
2062 3397 2378 3463 damnum
2406 3404 2547 3463 tam
2576 3398 2984 3463 Scholarium

888 3526 1087 3589 quam
1148 3502 1427 3568 aliorum
1493 3500 1743 3565 ibidem
1807 3499 2371 3578 eommorantium‚
2442 3504 2523 3565 ut
2580 3500 2989 3587 accepimus3

885 3605 1184 3671 volentes
1227 3625 1424 3691 super
1467 3603 1590 3669 hoc
1649 3603 1895 3689 apponi
1956 3602 2321 3667 remedium
2366 3606 2829 3689 opportunum,
2876 3602 2987 3667 de-

885 3708 1106 3774 dimus
1146 3708 1339 3774 vobis
1381 3710 1786 3794 potestatem
1838 3703 2285 3791 distringendi
2345 3726 2571 3769 omnes
2612 3709 2755 3771 tam
2798 3704 2985 3770 cleri-

885 3833 992 3877 oos
1037 3832 1238 3897 quam
1295 3809 1496 3874 laicos
1562 3808 1636 3872 in
1700 3807 1865 3873 villa
1926 3807 2243 3894 praedicta
2304 3812 2375 3873 et
2441 3806 2583 3892 ejus
2654 3806 2984 3873 suburbiis

883 3917 1265 3980 tenementa
1321 3911 1720 3989 obtinenteS,
1765 3916 1907 3975 tam
1950 3929 2066 3996 per
2109 3909 2409 3974 redditus
2452 3914 2983 3975 tenementorum

881 4014 1260 4102 huJusmodi
1321 4036 1520 4100 quam
1584 4032 1703 4101 per
1770 4010 2008 4077 catalla
2072 4010 2148 4076 in
2214 4010 2461 4077 eisdem
2534 4010 2829 4090 inventa,
2894 4012 2981 4077 ad

881 4120 1380 4207 paviamentum
1409 4136 1629 4183 coram
1675 4114 2075 4181 tenementis
2118 4113 2559 4201 reparandum
2604 4120 2674 4179 et
2725 4118 2981 4180 susten-

881 4224 1180 4300 tandum,
1235 4222 1336 4287 ita
1387 4220 1564 4307 quod
1615 4218 1787 4283 nulli
1830 4219 1905 4282 in
1948 4216 2072 4283 hac
2128 4220 2319 4304 parte
2378 4220 2736 4305 pareatum
2796 4222 2866 4283 et
2924 4214 2982 4283 si

883 4322 1098 4412 Major
1147 4322 1328 4390 vfflae
1386 4320 1722 4410 praedietae
1782 4320 1855 4385 in
1912 4319 2037 4385 hae
2094 4322 2283 4407 parte
2326 4318 2666 4409 negligens
2710 4318 2821 4385 vel
2878 4340 2981 4386 re-

881 4429 1117 4494 missus
1160 4426 1378 4504 fuerit,
1424 4428 1491 4490 et
1534 4422 1873 4513 praemissa
1913 4442 2050 4489 una
2092 4420 2432 4487 vobiscum
2482 4422 2761 4509 praefato
2808 4420 2983 4489 Can-

883 4530 1142 4597 cellario
1186 4531 1395 4596 faeere
1439 4526 1857 4607 recusaverit,
1900 4530 2063 4593 tunc
2104 4525 2410 4591 volumus
2456 4528 2524 4591 et
2567 4522 2979 4591 concedimus

884 4633 1062 4722 quod
1106 4654 1242 4710 vos,
1284 4631 1563 4719 praefate
1611 4628 2028 4709 cancellarie,
2074 4648 2194 4716 per
2237 4650 2355 4694 vos
2398 4632 2467 4693 et
2508 4632 2765 4694 vestros
2814 4648 2979 4715 prae-

883 4738 1084 4802 missa
1127 4734 1388 4823 singula
1430 4732 1768 4821 expleatis,
1812 4733 1913 4798 ita
1956 4732 2131 4818 quod
2174 4728 2417 4800 clamor
2458 4730 2737 4797 iteratus
2780 4732 2981 4798 modo
