3466 5635
786 952 792 958 α
925 865 1054 930 548
1473 873 1652 924 Acu
1696 872 1933 923 cunm
1977 869 2455 924 cAnanLml.

923 1089 1060 1136 non
1131 1067 1394 1154 recepit,
1455 1066 1592 1145 sed,
1639 1064 1890 1131 habens
1963 1064 2263 1130 inducias
2338 1063 2427 1130 ad
2504 1061 3023 1138 deliberandum,

925 1170 1272 1258 occupavit
1324 1167 1610 1235 officium
1655 1166 2010 1256 praefatum
2054 1171 2135 1232 ut
2182 1165 2625 1234 cancellarius
2666 1168 2909 1244 natum
2951 1167 3029 1230 et

924 1295 1144 1340 coram
1173 1271 1403 1340 eodem
1433 1271 1842 1342 Canceuario
1872 1276 2054 1348 nato,
2084 1270 2372 1336 secundo
2417 1269 2526 1338 die
2561 1268 2807 1338 mensis
2838 1265 3025 1343 Maii,

923 1375 1288 1463 resignavit
1334 1373 1642 1439 dominus
1687 1372 2011 1438 Ricardus
2056 1371 2123 1436 N
2124 1372 2417 1440 icholaus
2460 1369 3027 1458 principalitatem

921 1479 1093 1545 aulae
1153 1481 1406 1544 vocatae
1462 1482 1500 1513 “
1523 1474 1698 1541 an
1744 1473 2009 1541 Halle'’
2052 1474 2215 1539 alias
2271 1470 2891 1561 “Ledyn-porclwf’
2950 1475 3029 1535 et

923 1581 1294 1648 cautionem
1354 1601 1474 1666 pro
1533 1577 1650 1644 illa
1708 1578 1865 1643 aula
1924 1577 2235 1665 exposuit
2302 1577 2614 1643 dominus
2678 1575 2727 1642 J
2728 1574 3025 1642 ohannes

923 1685 1172 1772 Yonge‚
1220 1682 1468 1750 artium
1512 1680 1931 1748 bacallarius-

1346 1987 1542 2058 Alica
1570 1989 1813 2078 θύρσοι,
1842 2011 1891 2058 α,
1918 1988 2112 2070 ecold,
2143 1987 2585 2078 mprieoned.

533 2168 603 2220 A.
626 2185 704 2220 aa.
727 2174 808 2221 43.
1010 2155 1092 2220 M
1087 2154 1560 2231 morandum,
1613 2154 1792 2242 quod
1835 2154 1911 2218 in
1970 2152 2257 2219 crastino
2326 2161 2362 2188 “
2385 2153 2649 2240 Septem
2678 2153 3024 2220 dormien-

491 2261 617 2328 July
639 2264 887 2325 27,1445.
917 2258 1154 2340 tilam?
1200 2280 1376 2324 anno
1423 2256 1698 2323 Domini
1742 2256 2089 2322 millesimo
2134 2257 2785 2345 quadringentesimo
2814 2257 3021 2344 quad-

913 2363 1238 2450 ragesimo
1299 2360 1556 2449 quinto,
1618 2357 1937 2446 Magister
1994 2359 2389 2429 Wilhelmus
2450 2359 2761 2440 Dowson,
2820 2381 3023 2428 sacrae

911 2463 1264 2551 theologiae
1308 2461 1650 2551 professor,
1699 2461 2203 2531 Commissa-ius
2249 2463 2573 2548 generalis
2622 2461 3025 2528 venerabilis

913 2567 1046 2630 viri
1077 2565 1385 2652 Magistri
1429 2564 1699 2630 Thomae
1746 2563 2126 2651 Gascoigne,
2174 2563 2564 2631 Cancellarii
2608 2564 2803 2630 almae
2849 2564 3025 2630 Uni-

913 2666 1250 2734 versitatis
1312 2666 1592 2732 Oxoniae
1654 2671 1723 2732 et
1784 2687 1984 2732 sacrae
2028 2665 2377 2754 theologiae
2438 2665 2839 2753 professoris,
2902 2689 3023 2754 pro

913 2770 1372 2859 objurgatione
1416 2773 1486 2835 et
1536 2767 2039 2855 perturbatione
2082 2768 2260 2857 pacis
2306 2767 2746 2835 incarceravit
2789 2767 2864 2833 in
2897 2768 3023 2833 Bo-

914 2872 1111 2940 cardo
1157 2872 1444 2938 Aliciam
1494 2870 1724 2957 Stycol
1769 2871 1851 2937 de
1895 2870 2210 2958 parochia
2254 2871 2316 2937 S.
2364 2871 2617 2951 Aldati,
2681 2892 2830 2959 quae
2876 2876 3025 2937 erat

914 2976 1177 3041 detecta
1221 2979 1290 3040 et
1334 2974 1628 3061 legitime
1675 2973 1982 3038 convicta
2042 2973 2125 3038 de
2169 2972 2558 3039 criminibus
2610 2973 3023 3061 supradictis,

914 3098 1063 3166 quae
1107 3077 1375 3163 quidem
1419 3074 1698 3143 crimina
1741 3076 2059 3162 praedicta
2105 3074 2321 3142 Alicia
2363 3076 2625 3163 publice
2666 3076 3021 3164 abjuravit.

1367 3372 1666 3444 Caution
1686 3373 1811 3464 sor
1841 3381 1877 3411 “
1896 3374 2312 3463 Broadqoetes
2343 3376 2532 3443 Hau.

525 3563 594 3615 A.
619 3580 694 3618 aa„
719 3571 801 3616 44,
1004 3536 1382 3605 Penultimo
1457 3535 1580 3603 die
1641 3534 1951 3622 Augusti,
2028 3556 2247 3603 coram
2335 3535 2527 3603 nobis
2613 3538 3021 3607 Cancellario

455 3651 870 3718 Aug.³o‚1⁴4⁵.
915 3641 1169 3707 Thoma
1199 3628 1204 3635 ’
1232 3638 1612 3725 Gascoigne,
1676 3637 1993 3723 Magister
2056 3637 2338 3703 Thomas
2402 3638 2650 3716 Gaude]
2712 3644 3022 3729 exposuit

913 3744 1285 3810 cautionem
1329 3740 1596 3806 nomine
1659 3737 1970 3825 Magistri
2034 3736 2083 3803 J
2082 3738 2364 3805 ohannis
2432 3741 2625 3828 Payn
2677 3764 2797 3830 pro
2845 3743 3023 3809 Aula

912 3847 993 3912 de
1049 3850 1083 3880 “
1111 3841 1497 3928 Brodyatye
1525 3840 1560 3865 '’
1605 3841 1680 3907 in
1721 3838 2033 3927 parochia
2082 3839 2401 3909 Omnium
2468 3843 2883 3924 Sanctorum,
2950 3852 3022 3913 et

909 3947 1320 4037 fidejussores
1363 3964 1582 4009 coram
1627 3942 1894 4008 domino
1937 3940 2128 4006 fundi
2173 3942 2493 4011 exhibuit.

1443 4232 1745 4300 G'aution
1760 4233 1884 4319 for
1903 4240 1937 4267 “
1959 4231 2250 4317 Trylok’e
2275 4231 2328 4299 I
2322 4232 2483 4301 wnff'

995 4400 1316 4489 Magister
1359 4398 1755 4471 Wilhclmus
1782 4398 2085 4485 wytney
2114 4399 2197 4464 de
2228 4398 2426 4467 Novo
2474 4400 2769 4493 Collegio
2797 4405 3025 4490 posuit

902 4503 1282 4573 cautionem
1325 4523 1412 4569 ex
1468 4501 1791 4589 praedicto
1852 4500 1961 4567 die
2006 4505 2076 4567 et
2120 4522 2298 4567 anno
2362 4524 2585 4571 coram
2653 4505 2850 4575 nobis
2896 4530 3023 4597 pro

901 4614 941 4643 ‘⁴
973 4601 1409 4689 Terlokhyn‚”
1441 4608 1511 4669 et
1539 4602 1690 4689 fldej
1698 4624 1952 4669 ussores
1982 4602 2304 4683 exhibuit,
2356 4606 2606 4673 scilicet
2636 4607 2684 4673 J
2687 4608 3023 4679 ohannem

897 4707 1192 4789 Walker,
1241 4712 1280 4742 “
1300 4704 1666 4783 cors-view?
1714 4710 1785 4771 et
1830 4705 2149 4773 Thomam
2196 4705 2398 4787 Furd‚
2450 4716 2483 4743 “
2510 4706 2794 4799 hoaye‘rl’
