3466 5635
864 823 995 894 678
1460 835 1635 886 ACTA
1680 835 1914 884 cumas:
1960 834 2434 884 CANCELLARII.

972 1028 1287 1115 Magister
1349 1027 1441 1094 W.
1489 1028 1733 1107 Benne‚
1788 1025 2055 1092 nomine
2110 1023 2418 1111 Magistri
2477 1022 2744 1087 Thomae
2803 1019 2983 1083 Wal-

880 1135 1053 1208 tone,
1102 1151 1218 1218 pro
1266 1131 1495 1195 “Lata
1538 1134 1731 1216 porta
1755 1127 1790 1159 ’⁹
1832 1129 1906 1193 in
1949 1127 2256 1216 parochia
2291 1125 2538 1191 Aldati.

971 1233 1293 1320 Magister
1334 1233 1382 1299 J
1386 1232 1672 1297 ohannes
1719 1231 1942 1309 Hulle,
1987 1231 2253 1296 nomine
2311 1227 2594 1316 proprie,
2655 1248 2772 1314 pro
2832 1225 2987 1290 aula

882 1335 1197 1400 Edwardi
1242 1336 1315 1400 in
1360 1335 1669 1422 parocbia
1714 1335 1939 1399 Beatae
1987 1333 2234 1399 Mariae.

972 1436 1293 1524 Magister
1335 1437 1381 1502 J
1384 1438 1672 1503 ohannes
1719 1437 2181 1522 Tregansown,
2227 1433 2494 1501 nomine
2537 1433 2818 1520 proprio,
2865 1452 2983 1516 pro

879 1543 1036 1606 aula
1082 1542 1382 1609 Cervius.

972 1645 1175 1725 Idem,
1243 1643 1509 1710 nomine
1588 1643 1896 1732 Magistri
1942 1644 2218 1710 Roberti
2261 1644 2482 1731 Abdy,
2541 1664 2662 1730 pro
2723 1651 2759 1676 “
2781 1640 2983 1706 Blak-

880 1747 1129 1812 Halle.”

974 1849 1291 1935 Magister
1363 1849 1411 1915 J
1414 1849 1704 1915 ohannes
1781 1849 2090 1930 Cobbow,
2167 1849 2432 1915 nomine
2507 1848 2788 1936 proprio,
2865 1866 2984 1933 pro

883 1957 917 1986 “
937 1951 1127 2037 Lyon
1174 1951 1423 2018 Halle.”

974 2053 1293 2140 Magister
1337 2054 1677 2120 «Iohannes
1710 2055 2004 2137 Hal-low,
2035 2055 2298 2120 nomine
2332 2054 2635 2141 Magistri
2664 2051 2984 2140 Stephani

882 2155 1095 2242 Tyler,
1142 2177 1261 2242 pro
1310 2163 1344 2191 “
1368 2155 1854 2223 Boem—Halle.”

972 2258 1179 2337 Idem,
1226 2257 1491 2324 nomine
1536 2259 1841 2346 Magistri
1887 2260 2171 2326 Thomas
2203 2260 2548 2339 Wodhille‚
2587 2281 2702 2346 pro
2765 2265 2801 2293 “
2824 2255 2986 2322 Wil-

880 2359 1041 2426 Iiam
1090 2360 1289 2426 Halle
1311 2360 1346 2386 ’³
1391 2361 1463 2425 in
1512 2370 1549 2396 “
1582 2361 2102 2448 Kybal·strete.'’

974 2463 1295 2551 Magister
1356 2464 1641 2532 Thomas
1702 2465 1930 2554 Parys,
1988 2467 2258 2533 nomine
2318 2466 2599 2555 proprio,
2657 2487 2777 2552 pro
2837 2463 2988 2530 aula

884 2565 1109 2632 Beatae
1156 2567 1403 2634 Mariae.

974 2669 1177 2749 Idem,
1221 2670 1489 2736 nomine
1524 2670 1830 2759 Magistri
1892 2672 2168 2738 Hem-ici
2212 2674 2590 2760 Sampsone,
2651 2695 2771 2759 pro
2819 2678 2855 2707 “
2881 2668 2989 2735 Li·

884 2770 1627 2859 teIle-Martyn-Halle,”
1688 2774 2098 2861 fidejussores
2157 2775 2504 2843 Bosworth
2565 2780 2633 2842 et
2710 2774 2989 2841 Thomas

886 2874 1145 2941 Karter.

976 2978 1179 3058 Idem,
1242 2978 1507 3047 nomine
1568 2979 1878 3070 Magistri
1925 2982 2198 3049 Henrici
2262 2982 2468 3071 Popy,
2521 3004 2640 3069 pro
2717 2990 2755 3018 “
2775 2980 2990 3049 Bidell

886 3080 1139 3147 Halle.’'

975 3182 1045 3247 N
1269 3182 1554 3264 Weiske,
1618 3188 1889 3253 nomine
1957 3186 2268 3276 Magistri
2313 3188 2360 3256 J
2362 3188 2646 3256 ohannis
2699 3188 2988 3274 Seymer,

886 3308 1003 3374 pro
1051 3295 1085 3321 “
1110 3286 1443 3354 Mawdlen
1488 3289 1647 3354 Hall
1664 3289 1697 3313 ’'
1743 3312 1892 3356 eum
1937 3292 2444 3378 pertinentibus.

976 3388 1298 3476 Magister
1357 3391 1608 3479 Symon
1664 3392 1994 3481 Fosdyke,
2056 3395 2323 3461 nomine
2371 3395 2679 3483 Magistri
2725 3394 2990 3463 Thomae

886 3490 933 3557 J
936 3490 1119 3577 olyff,
1166 3514 1284 3579 pro
1330 3494 1483 3559 aula
1526 3494 1774 3561 Vitrea.

978 3593 1239 3661 Marcus
1292 3596 1591 3675 Thomas,
1650 3599 1919 3665 nomine
1980 3600 2263 3669 doctoris
2326 3602 2608 3689 Oweyn,
2669 3624 2788 3689 pro
2845 3603 2996 3669 aula

886 3696 1201 3763 Edwardi
1248 3698 1321 3763 in
1366 3701 1675 3787 parochia
1720 3702 1786 3767 S.
1835 3703 2165 3770 Edwardi.

978 3800 1296 3888 Magister
1340 3802 1662 3869 Ricardus
1709 3805 2019 3893 Bulkley,
2065 3808 2330 3875 nomine
2376 3810 2656 3899 propriO,
2689 3832 2807 3899 pro
2845 3811 2998 3877 aula

888 3902 953 3969 S.
1000 3902 1379 3972 Lawrentii.

977 4006 1182 4089 Idem,
1258 4008 1525 4076 nomine
1602 4012 1908 4101 Magistri
1970 4014 2070 4081 W.
2134 4014 2531 4102 Stayntone,
2608 4040 2728 4107 pro
2804 4017 2996 4084 horto

887 4132 1160 4177 annexa

890 4306 960 4376 H
978 4211 1185 4376 Ιῇὶοξξι,
1216 4214 1485 4282 nomine
1517 4214 1825 4304 Magistri
1859 4219 2126 4287 Thomae
2169 4222 2506 4311 Rawlyns,
2535 4246 2654 4313 pro
2686 4225 2995 4291 “Plomer

960 4335 1001 4376 a
1049 4333 1100 4378 e.

983 4414 1188 4495 Idem,
1255 4418 1521 4485 nomine
1590 4420 1870 4488 Hem-ici
1947 4422 2328 4512 MolyneuX‚
2405 4450 2526 4515 pro
2603 4436 2640 4465 “
2659 4428 2995 4517 Takley’s·

889 4513 1127 4599 ynne.'’

978 4616 1299 4705 Magister
1342 4622 1390 4688 J
1394 4622 1681 4691 ohannes
1725 4623 1772 4689 J
1775 4625 1978 4707 alian,
2021 4630 2292 4696 nomine
2347 4632 2630 4719 proprio,
2678 4654 2800 4720 pro
2843 4634 3002 4700 aula

887 4716 949 4786 S.
996 4718 1182 4786 Petri
1224 4742 1488 4792 annexa.
1532 4727 1803 4817 collegio
1851 4726 2146 4800 Exoniae.
