3466 5635
1017 883 1150 956 '784
1231 941 1236 947 .
1835 892 2198 942 APPmme
2244 893 2302 946 r.

1011 1084 1269 1152 civibus
1329 1083 1569 1147 nostris
1627 1079 1974 1157 Londonii,
2034 1079 2283 1145 scilicet
2325 1080 2505 1164 quod
2546 1078 2635 1142 ad
2676 1080 2926 1144 festum
2969 1100 3115 1143 nos-

1011 1193 1195 1254 trum
1263 1184 1453 1252 nobis
1514 1183 1804 1250 servient
1871 1182 1955 1247 de
2016 1180 2371 1248 buteliaria
2434 1185 2677 1262 nostra,
2742 1185 2812 1246 et
2868 1181 3115 1248 faciant

1012 1289 1454 1357 communiter
1482 1307 1635 1352 cum
1665 1285 1759 1350 eis
1800 1288 2235 1352 mercaturam
2276 1305 2463 1350 suam
2492 1285 2669 1348 infra
2697 1284 3115 1351 Londonium

1011 1398 1082 1459 et
1126 1394 1321 1456 extra
1362 1389 1436 1453 in
1483 1388 1792 1454 omnibus
1835 1388 2013 1465 locis,
2058 1392 2144 1466 et,
2192 1388 2249 1452 si
2305 1385 2769 1452 dubitaverint
2813 1387 2925 1452 vel
2968 1408 3117 1452 con-

1011 1493 1350 1560 tenderint
1395 1489 1477 1556 de
1512 1490 1767 1576 judicio
1811 1490 2034 1576 aliquo
2077 1489 2240 1576 quid
2283 1489 2494 1554 facere
2540 1488 2845 1568 debeant,
2874 1489 2957 1552 de
2998 1490 3119 1553 hoc

1011 1595 1429 1661 Londonium
1499 1591 1779 1657 mittant
1846 1591 2122 1656 nuncios
2184 1612 2356 1668 suos,
2416 1595 2488 1656 et
2552 1591 2731 1676 quod
2791 1591 3121 1656 Londoni-

1013 1718 1197 1763 enses
1257 1694 1414 1758 inde
1463 1693 1865 1779 judicabunt
1922 1693 2189 1758 firmum
2256 1697 2325 1758 et
2366 1698 2590 1758 ratum
2646 1692 2985 1774 habeant3
3048 1698 3116 1758 et

1013 1803 1207 1865 extra
1273 1797 1560 1882 burgum
1607 1794 1855 1861 Oxonii
1923 1816 2057 1862 non
2124 1795 2448 1882 placitent
2512 1794 2595 1860 de
2656 1795 2880 1881 aliquo
2940 1795 3115 1860 unde

1013 1899 1401 1967 calumniati
1446 1899 1600 1978 sint,
1647 1899 1763 1963 sed
1808 1898 1891 1963 de
1937 1919 2327 1984 quocunque
2370 1899 2447 1962 in
2489 1897 2807 1983 placitum
2866 1919 3112 1984 ponan-

1010 2010 1126 2071 tur
1169 2025 1239 2069 se
1283 2001 1827 2066 disrationabunt
1884 2000 2245 2066 secundum
2304 2001 2519 2088 legem
2570 2006 2640 2065 et
2696 2001 3117 2066 consuetudi-

1011 2129 1166 2172 nem
1212 2105 1458 2170 civium
1502 2101 1849 2181 Londonii,
1894 2107 1967 2167 et
2016 2123 2155 2168 non
2198 2101 2411 2181 aliter,
2456 2102 2614 2188 quia
2652 2102 2787 2188 ipsi
2830 2107 2901 2169 et
2944 2104 3119 2170 cives

1013 2207 1340 2274 Londonii
1403 2209 1560 2270 sunt
1603 2205 1686 2269 de
1738 2225 1875 2268 una
1918 2209 1989 2270 et
2032 2203 2259 2270 eadem
2318 2203 2789 2271 consuetudine
2850 2210 2919 2269 et
2978 2205 3117 2292 lege

1015 2317 1086 2378 et
1147 2310 1506 2376 libertate:
1569 2328 1773 2394 quare
1836 2307 2143 2374 volumus
2218 2311 2289 2371 et
2364 2307 2647 2372 firmiter
2703 2306 3121 2394 praecipimus

1015 2413 1193 2504 quod
1258 2409 1562 2500 praedicti
1604 2408 1967 2498 burgenses
2015 2408 2261 2474 Oxonii
2301 2413 2370 2474 et
2414 2431 2639 2474 eorum
2694 2407 2987 2476 haeredes
3046 2413 3119 2475 in

1013 2517 1408 2606 perpetuum
1466 2511 1759 2578 habeant
1803 2515 1873 2577 et
1916 2515 2190 2578 teneant
2248 2511 2595 2600 praedictas
2660 2509 3002 2578 libertates
3053 2519 3120 2580 et

1013 2618 1189 2705 leges
1249 2620 1318 2681 et
1377 2613 1881 2680 consuetudines
1925 2616 1995 2680 et
2038 2619 2310 2680 tenuras
2370 2635 2535 2691 suas,
2581 2613 2681 2680 ita
2722 2615 2893 2680 bene
2935 2619 3006 2680 et
3046 2617 3121 2682 in

1015 2741 1187 2806 pace,
1233 2717 1439 2783 libere
1483 2720 1552 2780 et
1597 2715 1835 2802 quiete,
1880 2715 2072 2803 plene
2108 2721 2177 2782 et
2220 2715 2587 2796 honorifice,
2621 2739 2771 2781 cum
2814 2718 3008 2782 socha
3052 2725 3121 2784 et

1017 2822 1210 2887 sacha
1253 2826 1322 2885 et
1367 2817 1464 2885 tol
1510 2824 1579 2883 et
1623 2817 1808 2884 them
1853 2824 1921 2886 et
1966 2817 2475 2907 infangenethef,
2504 2822 2575 2885 et
2620 2840 2771 2887 cum
2814 2821 3119 2887 omnibus

1017 2924 1164 2989 aliis
1226 2920 1650 2989 libertatibus
1711 2926 1781 2987 et
1847 2920 2435 2987 consuetudinibus
2494 2931 2562 2988 et
2604 2922 3119 3011 quietationibus

1019 3026 1154 3091 suis
1198 3024 1369 3089 sicut
1397 3024 1573 3088 cives
1599 3022 1814 3091 nostri
1842 3022 2173 3088 Londonii
2202 3044 2312 3089 eas
2342 3022 2593 3091 habent
2618 3050 2637 3107 ;
2683 3024 2787 3093 his
2814 3028 3117 3107 testibus,

1015 3124 1502 3193 venerabilibus
1591 3124 1893 3212 patribus
1981 3124 2029 3189 J
2032 3125 2279 3191 ocelino
2366 3126 2719 3193 Bathoniae
2806 3130 3119 3219 episcopo,

1017 3230 1269 3295 Thoma
1296 3228 1812 3313 Northwycensi
1859 3228 2182 3315 episcopo,
2214 3226 2508 3294 Waltero
2538 3228 2939 3297 Carleolensi
2981 3234 3117 3321 epi-

1019 3354 1229 3419 scop0‚
1295 3328 1600 3397 Huberto
1663 3330 1747 3394 de
1804 3330 2025 3417 Burgo
2094 3330 2331 3397 comite
2400 3330 2691 3410 Kantiae‚
2744 3334 3117 3422 justicia-io

1015 3439 1258 3501 nostro.

1761 3792 2245 3863 APPENDIX
2292 3798 2372 3865 G.

1025 4044 1224 4133 Quod
1267 4043 1506 4112 ballwz
1547 4050 1867 4111 tenentw·
1905 4067 2139 4133 capere
2174 4046 2631 4135 malefactores
2670 4049 2761 4116 ‘im
2796 4050 3119 4119 subm-bio

1203 4152 1264 4215 et
1307 4154 1512 4227 extra,
1557 4168 1714 4217 cwm
1764 4170 1895 4237 per
1942 4148 2451 4219 Oanoellamvmn
2496 4150 2779 4241 suemvt
2814 4174 3117 4243 proemw-

1197 4247 1360 4317 nite.

697 4424 764 4476 A.
791 4426 870 4475 75.
1111 4404 1495 4484 Edwardus,
1527 4405 1658 4471 Dei
1683 4409 1919 4495 gratia,
1959 4430 2079 4474 rex
2106 4409 2389 4499 Angliae,
2420 4412 2726 4479 dominus
2756 4412 3113 4493 Hiberniae,

631 4513 786 4646 Alfi}
796 4516 941 4630 ξιξ»,
1024 4510 1303 4679 Σὲιηῖθιιζ
1361 4508 1765 4596 Aquitaniae,
1810 4510 2051 4597 Major-i
2118 4519 2187 4579 et
2250 4512 2515 4581 ballivis
2576 4515 2757 4583 vium
2818 4516 3120 4595 Oxoniae,

1117 4718 1224 4781 Ex
1267 4714 1458 4801 gravi
1503 4714 1767 4798 querela
1832 4714 2217 4783 Cancellarii
2262 4724 2332 4784 et
2375 4720 2786 4787 Scholarium
2832 4721 3117 4788 Univer-

1031 4814 1250 4881 sitatis
1325 4814 1504 4881 villae
1595 4815 1945 4901 praedictae,
2022 4842 2138 4906 per
2202 4823 2593 4908 petitionem
2654 4846 2841 4891 suam
2898 4846 3115 4891 coram
