3466 5635
873 791 1064 840 me
1109 787 1571 842 emerammi
1617 790 1700 839 ΕΤ
1746 783 2323 840 PnocthToRmr.
2506 771 2637 840 475

633 963 1098 1046 Serenissimae,
1165 965 1302 1052 [vel
1367 964 1945 1045 metuendissimae,
2004 963 2113 1029 vel
2178 960 2643 1028 excellentissi-

545 1066 727 1152 mae]¹
760 1071 1001 1134 vestrae
1029 1067 1231 1156 regiae
1275 1067 1610 1154 majestati
1655 1067 2083 1156 patefacimus
2126 1088 2244 1154 per
2272 1070 2647 1154 praesentes,

546 1169 722 1255 quod
754 1171 832 1236 R.
865 1171 948 1236 de
985 1169 1054 1236 G.
1087 1177 1330 1237 nostrae
1364 1170 1864 1258 jurisdictionis,
1892 1173 2163 1258 propter
2206 1191 2393 1234 suam
2439 1167 2649 1232 mani-

543 1271 777 1338 festam
836 1274 1168 1356 offensam,
1228 1274 1338 1340 vel
1403 1280 1674 1362 propter
1740 1295 1891 1340 suas
1961 1271 2355 1360 multiplices
2422 1274 2652 1336 contu-

547 1375 789 1441 macias
831 1376 1080 1463 pariter
1124 1383 1195 1442 et
1239 1377 1538 1454 offensas,
1581 1398 1799 1443 coram
1848 1373 2057 1454 nobis,
2110 1375 2197 1440 ad
2263 1373 2654 1439 instantiam

549 1477 888 1563 cujusdam
965 1477 1043 1542 R.
1107 1479 1188 1544 de
1249 1477 1334 1559 S„
1393 1478 1659 1564 majoris
1737 1475 2435 1544 excommunicationis
2512 1497 2655 1540 sen-

547 1579 766 1645 tentia
816 1579 1212 1646 auctoritate
1261 1585 1493 1646 nostra
1544 1579 1903 1646 innodatus
1951 1579 2201 1658 existit,
2234 1578 2308 1643 in
2360 1599 2493 1664 qua
2542 1599 2660 1664 per

550 1682 991 1770 quadraginta
1043 1683 1182 1748 dies
1235 1688 1306 1748 et
1349 1682 1634 1770 amplius
1682 1683 1906 1749 animo
1954 1681 2253 1769 perstitit
2314 1679 2660 1746 involutus

551 1784 1016 1851 damnabiliter
1041 1785 1379 1872 pertinaci,
1401 1789 1472 1852 et
1497 1785 1833 1872 hucusque
1861 1785 2172 1872 persistit,
2198 1782 2414 1849 claves
2438 1783 2657 1848 Eccle-

549 1887 664 1954 siae
692 1886 997 1974 nequiter
1024 1887 1520 1966 contemnendO,
1552 1909 1628 1954 ac
1655 1909 1775 1974 pro
1806 1887 2368 1953 excommunicato
2396 1884 2657 1972 publice

551 2011 626 2054 ac
679 1989 1058 2055 solemniter
1104 1989 1540 2055 denunciatus
1590 1989 1773 2055 intra
1822 1989 2169 2054 missarum
2218 1989 2551 2068 solemnia,
2578 1993 2657 2052 ut

550 2095 650 2156 est
694 2091 908 2157 moris.
985 2091 1156 2158 Cum
1183 2090 1392 2178 igitur
1437 2097 1667 2157 sancta
1693 2097 1907 2158 mater
1936 2091 2226 2157 Ecclesia
2252 2113 2387 2156 non
2414 2089 2657 2155 habeat

551 2193 730 2258 ultra
774 2192 936 2280 quid
965 2193 1166 2259 faciat
1207 2194 1282 2258 in
1325 2194 1694 2282 praemissis,
1736 2195 1844 2260 vel
1890 2194 1963 2258 in
2006 2193 2129 2258 hac
2179 2198 2386 2280 parte,
2415 2197 2654 2258 vestrae

551 2295 750 2380 regiae
806 2295 1180 2361 celsitudini
1245 2295 1588 2361 humiliter
1664 2295 2105 2384 supplicamus
2165 2300 2509 2382 quatenus,
2565 2294 2653 2359 ad

555 2397 760 2484 ipsius
804 2397 1354 2464 excommunicati
1404 2397 1832 2464 rebellionem
1885 2397 2238 2464 salubriter
2301 2397 2655 2483 reprimen-
2743 2405 2749 2412 ‘

555 2500 728 2580 dam,
757 2501 832 2566 in
875 2523 1026 2566 eum
1074 2522 1370 2567 exercere
1416 2501 1783 2588 dignemini
1825 2500 2145 2566 auxilium
2172 2499 2427 2566 brachii
2455 2521 2657 2566 seecu-

556 2603 724 2680 laris,
778 2608 874 2682 ut,
927 2624 1122 2690 quem
1169 2603 1301 2669 Dei
1354 2603 1554 2670 timor
1597 2607 1833 2691 sponte
1876 2627 1919 2669 a
1977 2603 2149 2669 malo
2195 2625 2330 2670 non
2374 2608 2657 2682 revocat,

557 2705 872 2770 severitas
918 2710 1208 2772 coerceat
1253 2705 1572 2772 custodiae
1616 2705 1970 2772 carceralis.
2008 2705 2141 2792 [vel
2184 2705 2300 2785 sic,
2332 2711 2659 2793 quatenus

556 2806 640 2872 ad
683 2807 894 2896 ipsius
935 2808 1261 2875 malitiam
1307 2813 1375 2874 et
1438 2814 1891 2897 contemptum
1942 2809 2189 2875 arctius
2233 2809 2659 2876 coercendum

559 2910 932 2991 secundum,
979 2917 1118 2993 etc„
1170 2911 1536 3001 dignemini
1583 2913 1935 2979 extendere
1984 2904 2225 2979 vestrae
2274 2913 2471 3001 regiae
2524 2934 2660 2977 ma-

554 3013 866 3098 jestatis]

649 3114 733 3180 In
777 3116 964 3201 cujus
1007 3115 1104 3181 rei
1147 3116 1617 3195 testimonium,
1665 3122 1787 3183 etc.
1874 3117 2127 3183 Datum
2173 3116 2471 3197 Oxoniae,
2522 3123 2659 3196 etc,

559 3240 732 3284 anno
763 3217 1036 3284 Domini
1064 3216 1427 3298 millesimO,
1457 3225 1594 3299 etc,
1628 3225 1698 3287 et
1740 3221 1926 3308 regni
1956 3221 2179 3300 vestri,
2208 3227 2326 3287 etc.
2373 3226 2660 3287 vestram

559 3321 806 3408 regiam
851 3320 1278 3405 majestatem,
1327 3328 1444 3387 etc.

609 3604 717 3672 Dr:
761 3623 855 3673 ns
900 3622 1028 3684 om
1071 3624 1346 3675 nasum·
1391 3622 1670 3675 HABERE
1714 3624 2005 3677 LITERAS
2052 3610 2615 3681 Unwsnsru'ns,

655 3766 1187 3835 Mewwrwncbwm
1235 3774 1346 3845 est,
1387 3768 1568 3855 quod
1626 3768 2009 3835 ordinatum
2068 3778 2169 3838 est
2234 3794 2321 3837 ex
2358 3773 2660 3839 unanimi

2814 3623 2884 3675 A.
2912 3628 3026 3673 104.

2813 3690 2878 3741 Β.
2902 3696 2983 3741 59.

2816 3757 2873 3809 O.
2899 3762 2981 3807 28.

2689 3834 2809 3881 who
2824 3848 2903 3879 are
2919 3834 3115 3879 entitled

568 3890 906 3949 consensa,
949 3872 1124 3957 quod
1161 3870 1439 3957 quisque
1461 3868 1490 3906 ²
1535 3870 1861 3957 Magister
1904 3872 1977 3937 in
2022 3895 2410 3961 quocunque
2455 3875 2665 3942 officio
2686 3888 2739 3959 po
2756 3885 2918 3930 letters
2933 3888 2985 3929 or

569 3972 1048 4039 Universitatis
1111 3974 1517 4039 constitutus
1590 3973 1835 4040 habeat
1896 3975 2123 4041 literas
2186 3978 2634 4065 aquietanciae‚

559 4075 762 4161 juxta
789 4076 1067 4143 formam
1095 4076 1378 4164 registri,
1408 4098 1557 4141 cum
1585 4078 1966 4143 constiterit
2009 4100 2161 4144 eum
2198 4080 2492 4167 legitime
2520 4082 2666 4147 red-

569 4178 812 4245 didisse
839 4182 1223 4267 computum
1253 4200 1447 4245 suum
1477 4200 1674 4266 super
1701 4179 1983 4267 receptis
2012 4202 2230 4247 coram
2259 4182 2669 4249 auditoribus

568 4281 655 4348 ad
698 4282 878 4348 idem
920 4286 1308 4369 computum
1366 4280 1775 4347 audiendum
1817 4304 1937 4371 per
1982 4282 2514 4353 Universitatem
2559 4288 2669 4353 de-

2638 3976 2666 4013 8
2702 3939 2715 3959 ⁸
2726 3936 3059 3991 acquittance,”

568 4384 818 4471 putatis
860 4385 1058 4451 modo
1087 4388 1418 4466 consuete,
1449 4384 1532 4452 et'
1559 4384 1684 4451 hoc
1725 4385 2116 4461 indistincte
2145 4394 2247 4455 est
2289 4390 2669 4457 ordinatum
2762 4410 2767 4415 ·

934 4556 1186 4565 ———‘-—-
1226 4557 1397 4563 --—-.—.--
1420 4556 1525 4563 -ῳ
1540 4556 1820 4563 -——-.-——.

640 4648 656 4680 ¹
678 4648 758 4700 vel
792 4646 1196 4701 excellentissime
1241 4650 1471 4713 repeated
1513 4648 1571 4699 in
1735 4651 1758 4682 ²
1772 4646 1987 4713 quilibet,
2008 4648 2072 4701 B.
2097 4652 2197 4703 and
2220 4652 2279 4705 C.

569 4726 682 4780 MS.
1729 4729 1751 4758 ²
1772 4726 1938 4781 literas
1966 4728 2324 4795 Univeraeitatss,
2346 4732 2409 4783 B.
