3466 5635
1256 944 1612 996 Arrmmlx
1657 947 1720 995 o.
2452 934 2579 1004 '785

482 1142 670 1209 nobis
732 1149 802 1207 et
863 1144 1133 1208 concilio
1185 1148 1410 1209 nostro
1461 1144 1843 1221 exhibitam,
1890 1144 2338 1220 intelleximus
2382 1147 2575 1231 quod,

478 1267 628 1310 oum
670 1243 890 1331 plures
933 1245 1380 1311 malefactores
1427 1251 1496 1311 et
1539 1246 1719 1332 pacis
1778 1251 2023 1311 nostrae
2084 1248 2574 1333 perturbatores

477 1346 564 1412 ad
607 1346 838 1411 villam
880 1346 1263 1433 praedictam
1308 1352 1378 1412 et
1421 1346 1810 1412 suburbium
1872 1349 2163 1435 ejusdem
2208 1349 2387 1414 vinae
2444 1350 2573 1415 fre-

476 1454 754 1535 quenter
785 1448 1180 1528 aecedentes,
1228 1451 1296 1513 et
1338 1450 1413 1513 in
1445 1448 1691 1514 eisdem
1729 1448 1893 1515 villa
1935 1456 2005 1515 et
2049 1450 2361 1515 suburbio
2401 1472 2577 1517 com-

476 1555 826 1633 morantes,
875 1551 1166 1617 diversas
1199 1551 1747 1638 transgressiones
1786 1552 2033 1617 ibidem
2076 1556 2475 1639 perpetrant,
2507 1560 2574 1619 et

471 1662 622 1743 post
666 1657 1211 1745 transgressiones
1253 1679 1372 1743 per
1424 1657 1602 1743 ipsos
1645 1656 1718 1721 in
1764 1658 2009 1725 eisdem
2068 1657 2232 1723 villa
2289 1662 2360 1725 et
2418 1660 2575 1727 subae

473 1758 665 1825 urbio
729 1759 948 1837 factas,
1020 1759 1409 1847 quandoque
1483 1758 1660 1825 infra
1732 1760 1966 1827 villam
2041 1761 2429 1847 praedictam
2504 1768 2573 1828 et

473 1861 868 1950 quandoque
910 1863 1088 1927 infra
1131 1863 1418 1929 diversas
1460 1862 1819 1943 libertates,
1864 1862 1940 1927 in
1983 1864 2213 1929 eodem
2256 1863 2570 1931 suburbio

469 1969 888 2050 receptantur
951 1968 1021 2030 et
1081 1963 1521 2051 hospitantur,
1585 1986 1703 2050 per
1769 1966 1946 2051 quod
2020 1966 2568 2053 transgressiones

469 2066 845 2153 hujusmodi
897 2066 1236 2132 multoties
1287 2066 1637 2153 impunitae
1698 2074 2063 2148 remanent,
2134 2068 2207 2132 in
2273 2068 2563 2155 ipsorum

472 2168 861 2235 cancellarii
922 2173 994 2235 et
1055 2168 1462 2235 Scholarium
1527 2168 1842 2235 damnum
1903 2190 2039 2235 non
2101 2170 2451 2250 modicum,
2498 2178 2567 2238 et

469 2271 735 2337 effectus
779 2271 990 2337 studii
1025 2271 1557 2353 retardationem,
1589 2294 1664 2337 ac
1707 2271 1936 2358 populi
1974 2272 2265 2359 partium
2299 2272 2565 2339 illarum

465 2380 781 2441 terrorem
825 2372 1294 2453 manifestum3
1341 2370 1417 2439 N
1413 2396 1499 2451 08,
1547 2372 1927 2459 hujusmodi
1969 2372 2243 2439 malitiis
2289 2374 2562 2457 obviari,

465 2481 536 2543 et
593 2482 1096 2563 transgressores
1163 2475 1510 2563 praedictos
1561 2477 1766 2562 juxta
1825 2498 2051 2543 eorum
2112 2476 2433 2543 demerita
2489 2481 2564 2544 in

464 2580 588 2645 hac
643 2584 834 2668 parte
894 2580 1119 2666 puniri
1176 2578 1490 2659 volenteS,
1542 2580 1732 2645 vobis
1790 2579 2221 2667 praecipimus,
2278 2582 2561 2649 firmiter

461 2682 900 2771 injungentes,
949 2683 1124 2769 quod
1175 2686 1446 2769 propter
1504 2682 1795 2768 aliquam
1855 2681 2235 2749 libertatem
2286 2684 2360 2747 in
2404 2686 2559 2752 sub-

461 2784 652 2852 urbio
703 2784 1035 2872 praedicto,
1079 2784 1520 2872 cujuscunque
1569 2784 1789 2866 fuerit,
1836 2807 1973 2852 non
2016 2785 2342 2854 omittatis
2394 2790 2557 2875 quin

457 2889 548 2955 ad
588 2887 965 2974 hujusmodi
1002 2894 1528 2976 transgressores,
1559 2888 1674 2974 qui
1717 2889 2265 2974 transgressiones
2304 2890 2557 2977 aliquas

457 2990 700 3056 alicubi
760 2991 931 3056 infra
987 2989 1217 3056 villam
1290 2990 1400 3056 vel
1479 2989 1871 3056 suburbium
1940 2991 2255 3078 praedicta
2328 3015 2557 3081 perpe-

456 3093 800 3173 traverint,
846 3097 917 3158 et
959 3091 1133 3158 infra
1171 3092 1510 3158 libertates
1552 3092 1716 3159 dicti
1762 3093 2063 3158 suburbii
2092 3093 2201 3159 vel
2241 3094 2442 3160 etiam
2481 3097 2556 3162 in

456 3195 620 3260 villa
675 3195 995 3282 praedieta
1053 3198 1476 3282 receptantur
1540 3201 1609 3258 et
1675 3193 2109 3282 hospitantur,
2174 3199 2316 3262 tam
2380 3198 2557 3264 infra

456 3297 836 3382 hujusmodi
907 3296 1249 3362 libertates
1324 3317 1524 3383 quam
1585 3295 1761 3360 infra
1850 3295 2169 3362 ballivam
2257 3303 2551 3364 nostram

453 3400 838 3488 praedietam
925 3403 1236 3477 recenter,
1302 3398 1738 3486 insequendos
1816 3402 1885 3464 et
1974 3398 2551 3486 deprehendendos

452 3525 572 3591 pro
615 3525 774 3590 pace
814 3507 1043 3568 nostra
1084 3503 1160 3567 in
1201 3501 1322 3568 hae
1365 3507 1570 3589 parte,
1601 3523 1676 3566 ac
1705 3501 1929 3587 quiete
1960 3506 2029 3566 et
2062 3503 2551 3588 tranquillitate

451 3605 865 3673 studentium
907 3606 979 3670 in
1028 3604 1482 3670 Universitate
1526 3604 1845 3691 praedicta
1885 3605 2351 3684 conservanda,
2394 3627 2551 3693 quo-

449 3709 578 3774 ties
635 3711 1143 3795 transgressores
1199 3707 1350 3772 illos
1410 3707 1656 3772 ibidem
1718 3706 2007 3771 inveniri
2062 3707 2432 3795 contigerit,
2480 3715 2549 3775 et

450 3831 568 3898 per
631 3809 1103 3876 cancellarium
1171 3809 1366 3876 dictae
1412 3808 1895 3874 Universitatis
1957 3830 2153 3896 super
2198 3809 2319 3876 hae
2379 3833 2545 3899 prae-

451 3912 696 3980 muniti
737 3912 1016 3990 fueritis,
1059 3911 1285 3978 taliter
1327 3911 1690 3978 intendatis
1735 3911 1911 3998 quod
1954 3916 2223 4000 propter
2272 3914 2546 4001 trepidi-

448 4020 662 4082 tatem
704 4019 994 4080 vestram
1037 4017 1113 4079 in
1155 4013 1278 4079 hae
1337 4018 1526 4102 parte
1583 4014 1853 4101 querela
1907 4015 1995 4080 ad
2043 4036 2165 4082 nos
2208 4036 2344 4081 non
2402 4039 2547 4106 per-

449 4119 676 4185 veniat
717 4119 976 4198 iterata,
1008 4139 1124 4205 per
1168 4117 1346 4206 quod
1389 4117 1475 4182 ad
1517 4139 1638 4182 vos
1681 4117 1981 4206 capiendi
2017 4139 2099 4184 ex
2142 4140 2338 4184 causa
2380 4141 2545 4206 prae-

450 4221 628 4288 dicta
668 4221 1014 4288 materiam
1065 4219 1466 4286 habeamus:
1525 4219 1720 4286 Teste
1764 4243 1871 4286 me
1912 4221 2058 4308 ipso
2100 4220 2281 4309 apud
2326 4219 2543 4289 West-

447 4324 936 4403 monasterium,
967 4324 1169 4390 tertio
1214 4323 1321 4390 die
1365 4322 1547 4402 Maii,
1581 4345 1759 4390 anno
1802 4324 1993 4412 regni
2035 4325 2247 4391 nostri
2290 4329 2540 4404 octavo,

447 4450 564 4515 per
602 4425 996 4515 petitionem
1041 4427 1122 4492 de
1165 4426 1452 4492 consilio.

2039 4954 2263 5016 3122
