3466 5635
885 802 1016 865 632
1449 811 1628 862 ACTA
1672 813 1906 862 cunm
1952 808 2432 862 cANGELLARn.

883 995 1046 1060 tulit
1100 995 1554 1079 juramentum
1617 996 1914 1082 praefatis
1981 994 2276 1062 Johanni
2346 996 2630 1064 Browne
2704 1001 2777 1061 et
2850 997 2992 1082 ejus

881 1097 1122 1178 uxori„
1159 1101 1238 1162 ut
1281 1096 1594 1183 jurarent
1656 1098 1805 1185 ipsi,
1872 1103 1946 1164 et
2006 1097 2177 1164 alter
2242 1121 2467 1165 eorum
2522 1099 2783 1186 juraret
2842 1119 2993 1164 eum

881 1221 1085 1265 manu
1129 1199 1435 1265 duodena
1465 1200 1850 1278 vicinorum,
1882 1200 2243 1266 seeundum
2270 1201 2739 1266 limitationem
2784 1200 2991 1288 ipsius

881 1307 952 1367 et
995 1306 1314 1381 nostram,
1359 1302 1538 1388 quod
1607 1323 1745 1367 non
1812 1301 2075 1380 debent,
2122 1324 2243 1368 nee
2286 1303 2459 1368 alter
2500 1325 2727 1368 eorum
2772 1303 2991 1382 debet,

881 1403 1012 1468 sibi
1076 1405 1418 1490 praefatam
1487 1425 1853 1483 summam3
1914 1404 2030 1488 qui
2091 1404 2357 1490 quidem
2414 1403 2607 1489 jussu
2648 1409 2877 1469 nostro
2922 1409 2993 1470 et

882 1511 1118 1594 sponte
1145 1509 1534 1592 receperunt
1557 1505 1915 1571 terminum
1948 1506 2033 1571 ad
2064 1505 2158 1570 sie
2178 1504 2545 1590 jurandum
2576 1506 2681 1570 die
2713 1505 2993 1572 Veneris

882 1630 969 1674 ex
1013 1612 1178 1674 tune
1221 1613 1578 1694 sequente:
1655 1607 1803 1687 Quo
1870 1607 1977 1674 die
2022 1607 2434 1686 adveniente,
2482 1613 2993 1695 comparuerunt

881 1710 1146 1796 praefati
1209 1711 1256 1776 J
1259 1712 1548 1777 ohannes
1595 1709 1877 1774 Browne
1937 1715 2005 1774 et
2050 1710 2193 1794 ejus
2256 1731 2425 1775 uxor
2486 1731 2703 1775 eoram
2775 1710 2987 1791 nobis,

427 1831 565 1885 along
579 1830 692 1874 with
753 1879 765 1892 ‚
879 1812 954 1878 in
997 1813 1139 1878 loeo
1184 1819 1408 1879 nostro
1453 1833 1569 1898 per
1631 1815 1831 1876 antea.
1898 1811 2141 1878 eisdem
2190 1811 2545 1898 assignato,
2592 1833 2741 1877 eum
2784 1833 2991 1877 manu

423 1881 842 1985 ξιὲἷιῖιῧὲιῖιῗξῗῗιι
883 1915 1187 1982 duodena.
1229 1915 1614 1992 vicinorum,
1684 1913 2046 1979 secundum
2106 1919 2402 1979 nostram
2448 1918 2520 1980 et
2563 1912 2773 2001 ipsius
2814 1913 2993 1978 limi-

424 1982 622 2078 izffit‘iass
631 1985 830 2077 ¹:33⁰&
881 2018 1224 2096 tationem,
1252 2017 1446 2084 bonae
1489 2015 1700 2094 famae,
1745 2014 1938 2081 bonae
1982 2015 2511 2095 conversationis,
2544 2021 2614 2082 et
2642 2017 2803 2082 vitae
2846 2015 2989 2082 lau-

427 2083 654 2137 ‘¹¹²⁰⁸‘¹⁰¹¹·
881 2119 1135 2199 dabilis,
1182 2119 1431 2184 habits
1465 2119 1635 2204 juris
1679 2117 2210 2184 solemnitatibus
2254 2117 2333 2182 in
2373 2117 2496 2182 hac
2540 2123 2729 2204 parte
2772 2117 2989 2203 requi-

878 2221 1026 2286 sitis
1067 2228 1137 2287 et
1180 2220 1577 2299 necessariis,
1620 2225 1988 2306 vocatoque
2045 2219 2322 2306 praefato
2370 2220 2693 2306 Magistro
2737 2220 2989 2285 Thomu,

883 2323 1174 2389 Calbush
1218 2323 1514 2410 legitime
1559 2326 1629 2387 et
1696 2322 1918 2399 citato,
1964 2343 2084 2387 nos
2129 2321 2537 2387 decrevimus
2582 2322 2722 2387 fore
2766 2343 2987 2408 prooe-

881 2424 1170 2490 dendum
1215 2425 1576 2491 seeundum
1620 2424 1777 2502 vim,
1824 2423 2121 2504 formam,
2166 2427 2236 2489 et
2279 2424 2587 2490 effectum
2620 2423 2989 2510 juramenti

879 2527 1086 2593 delati
1129 2549 1248 2614 pro
1291 2532 1482 2614 parte
1526 2525 1690 2592 dieti
1739 2526 2045 2613 Magistri
2074 2526 2343 2592 Thomae
2373 2525 2663 2592 Calbush
2692 2525 2989 2613 praefatis

424 2635 854 2740 ffigngrggffdmy
877 2628 926 2694 J
928 2628 1206 2695 ohannis
1251 2629 1536 2694 Browne
1581 2633 1650 2694 et
1695 2627 1838 2713 ejus
1880 2628 2119 2693 uxori:
2172 2627 2307 2708 Qui
2349 2627 2617 2714 quidem
2648 2628 2695 2693 J
2698 2628 2989 2694 ohannes

425 2737 700 2789 performed.
878 2734 948 2796 et
1011 2730 1151 2816 ejus
1233 2750 1419 2808 uxor,
1483 2734 1554 2794 et
1615 2729 1784 2795 alter
1850 2750 2094 2806 eorum,
2146 2729 2543 2815 juraverunt
2610 2736 2679 2795 et
2731 2729 2989 2814 juravit

877 2856 1095 2899 eoram
1140 2832 1332 2899 nobis
1375 2832 1755 2899 sedentibus
1785 2854 1902 2918 pro
1946 2832 2285 2909 tribunali,
2333 2834 2511 2920 quod
2553 2854 2675 2898 nee
2717 2833 2834 2913 illi,
2866 2854 2987 2899 nee

877 2934 1048 3001 alter
1091 2956 1336 3016 eorum,
1403 2933 1737 2999 debebant
1804 2955 1925 2999 nee
1989 2934 2290 3014 debebat,
2366 2956 2487 3001 nec
2560 2934 2808 3000 debent
2864 2956 2985 3000 nee

879 3036 1077 3101 debet
1121 3035 1397 3123 praefato
1444 3035 1765 3121 Magistro
1833 3034 2102 3101 Thomae
2170 3035 2461 3101 Oalbush
2514 3036 2761 3101 dietam
2806 3057 2985 3101 sum-

759 3147 766 3155 '
879 3156 1074 3215 mam,
1115 3157 1328 3222 neque
1372 3136 1628 3201 actione
1686 3136 1911 3202 mutui
1953 3158 2167 3223 neque
2210 3137 2495 3224 depositi
2538 3159 2751 3223 neque
2810 3160 2985 3203 eom-

875 3237 1148 3317 modati,
1193 3260 1308 3302 sex
1376 3238 1603 3304 solidis
1668 3238 1962 3325 exeeptis
2022 3244 2328 3304 tantum:
2386 3261 2472 3305 ex
2536 3244 2700 3304 tune
2756 3260 2983 3305 eorum

875 3338 1079 3403 vieini
1125 3339 1465 3405 duodecim
1501 3338 1828 3424 jurabant
1865 3361 2044 3405 more
2087 3340 2282 3427 legali
2325 3345 2397 3405 et
2439 3340 2653 3419 solito,
2696 3346 2898 3427 prout
2942 3362 2985 3406 a.

877 3441 1068 3507 nobis
1113 3442 1207 3507 eis
1241 3440 1696 3527 juramentum
1744 3446 1891 3507 erat
1934 3440 2245 3520 delatum,
2289 3464 2571 3528 quorum
2616 3443 2981 3507 vicinorum

875 3547 947 3608 et
988 3545 1262 3609 testium
1326 3543 1596 3608 nomina
1663 3544 2188 3623 subscribuntur,
2252 3542 2573 3623 videlieet,
2639 3544 2687 3609 J
2690 3544 2984 3610 ohannes

879 3652 915 3679 “
944 3646 1023 3731 of
1075 3644 1180 3712 the
1249 3645 1582 3725 Croume,'’
1653 3645 2045 3732 Radulphus
2108 3646 2364 3732 Tayler,
2427 3646 2475 3711 J
2476 3646 2765 3711 ohannes
2812 3647 2987 3711 Aus-

871 3752 1052 3833 tyne,
1123 3747 1342 3813 Guido
1413 3747 1858 3835 Chapelayne‚
1904 3747 2298 3813 Wilhelmus
2346 3746 2551 3827 Core,
2590 3746 2983 3814 Wilhelmus

872 3849 1226 3935 Unghulie,
1246 3849 1568 3914 Rieardus
1599 3848 1817 3933 Staey,
1842 3848 2234 3914 Wilhelmus
2260 3848 2623 3927 Howdene,
2643 3850 2691 3915 J
2694 3849 2984 3919 ohannes

871 3950 1225 4038 Mowyere‚
1273 3950 1557 4015 Thomas
1605 3950 1988 4036 Parehyere,
2025 3950 2307 4016 Michael
2359 3952 2425 4017 N
2430 3951 2595 4027 iooll,
2641 3952 2688 4017 J
2690 3952 2983 4017 ohannes

419 4069 501 4114 the
516 4070 791 4115 damasum
872 4054 1094 4119 Graee.
1190 4053 1515 4118 Omnibus
1559 4052 1685 4117 rite
1729 4053 2025 4138 peractis,
2074 4052 2235 4131 Noe,
2278 4052 2593 4139 praefatus
2640 4053 2983 4119 Gilbertus

413 4120 743 4224 ἒῗοῗὲτῖξῗᾱ
751 4120 846 4164 ’Μ
873 4156 1183 4240 Kymere,
1232 4154 1492 4219 eosdem
1537 4161 1605 4220 et
1651 4154 2050 4219 alterutrum
2096 4175 2319 4220 eorum
2366 4156 2452 4220 ab
2494 4154 2982 4241 inquietatione

870 4262 938 4322 et
981 4256 1439 4321 molestatione
1469 4278 1585 4341 per
1614 4254 1869 4319 dietum
1912 4255 2306 4342 Magistrum
2336 4256 2656 4322 Thomam
2691 4255 2983 4323 Calbush

868 4358 1167 4423 Johanni
1212 4358 1491 4422 Browne
1537 4363 1606 4421 et
1637 4356 1777 4443 ejus
1822 4358 2013 4423 uxori
2044 4358 2289 4423 eisdem
2318 4358 2511 4423 factis
2555 4358 2979 4445 absolvimus,

867 4464 937 4524 et
983 4458 1161 4524 dioto
1208 4459 1526 4546 Magistro
1571 4458 1841 4524 Thomae
1885 4458 2176 4524 Calbush
2220 4462 2980 4547 perpetuumsilentium

870 4582 1069 4647 super
1109 4560 1405 4647 praefatis
1451 4561 1825 4627 actionibus
1886 4562 2200 4627 adversus
2246 4562 2506 4628 eosdem
2570 4567 2638 4627 et
2696 4564 2979 4630 alterum

869 4684 1096 4729 eorum
1142 4662 1577 4748 imposuimus
1623 4668 1693 4728 et
1737 4664 1810 4728 in
1854 4664 2167 4749 praesenti
2233 4662 2651 4752 imponimus,
2693 4687 2982 4752 praesen-
