3466 5635
863 891 995 954 636
1435 901 1615 952 Aou
1659 901 1895 951 01111181
1940 899 2414 950 cmcumsn.

861 1087 1118 1152 ratione
1193 1087 1412 1151 mutui
1487 1086 1698 1152 eidem
1773 1085 2025 1151 Sibillae
2099 1107 2218 1171 per
2290 1086 2511 1172 ipsum
2572 1085 2967 1172 Magistrum

864 1188 1184 1254 Thomam
1230 1188 1376 1253 dati
1419 1186 1859 1272 praetendens,
1908 1187 2345 1268 convenisset,
2392 1185 2777 1274 nullamque
2826 1209 2969 1274 spe-

861 1291 1024 1356 ciem
1074 1289 1490 1378 probationis
1529 1289 1606 1355 in
1651 1287 1835 1355 dicta
1874 1311 1997 1354 sua
2038 1289 2359 1374 petitione
2418 1292 2649 1354 contra
2708 1289 2967 1354 eosdem

863 1391 1174 1458 Sibillam
1221 1395 1290 1457 et
1333 1391 1380 1457 J
1383 1391 1712 1457 ohannem
1760 1391 2015 1456 dictum
2058 1395 2461 1476 praetensum
2510 1389 2810 1456 debitum
2855 1411 2970 1455 ne-

862 1499 1098 1580 gantes
1155 1515 1374 1559 coram
1435 1492 1628 1558 nobis
1689 1491 2129 1579 produxisset,
2174 1491 2447 1556 tandem
2511 1492 2692 1556 omni
2735 1513 2971 1580 genere

862 1596 1330 1682 probationum
1354 1594 1720 1659 destitutus
1752 1592 1949 1659 dictae
1981 1591 2234 1659 Sibillae
2262 1592 2376 1675 sic,
2408 1597 2491 1658 ut
2520 1593 2969 1681 praemittitur,

863 1697 1142 1784 neganti
1200 1696 1592 1783 petitionem
1653 1717 1862 1775 suam,
1924 1695 2240 1781 praefatus
2301 1694 2623 1782 Magister
2681 1694 2968 1760 Thomas

864 1798 990 1864 sub
1033 1798 1157 1864 hac
1199 1797 1416 1863 forma
1469 1797 1713 1863 detulit
1772 1795 2257 1882 jusjurandum,
2304 1794 2628 1875 mdelicd,
2674 1797 2869 1882 quod,
2914 1797 2969 1860 si

864 1900 1186 1988 praedicta
1231 1899 1466 1966 Sibilla
1499 1899 1778 1985 juraret,
1806 1919 1943 1963 11118
1972 1919 2121 1963 011111
2152 1897 2494 1964 duodecim
2525 1897 2689 1962 viris
2716 1897 2970 1963 vicino-

867 2024 1019 2068 rum
1065 2023 1376 2081 suorum,·
1399 1999 1949 2088 assignandorum
2012 2019 2131 2086 per
2172 1999 2527 2086 praefatum
2572 1999 2969 2086 Magistrum

865 2106 1204 2182 Thomam,
1253 2126 1322 2170 se
1364 2103 1622 2168 nullam
1684 2102 1923 2168 debere
1984 2101 2199 2168 eidem
2260 2101 2625 2189 pecuniam,
2671 2102 2967 2188 praefatae

865 2205 1116 2272 Sibillae
1161 2211 1233 2272 et
1276 2205 1420 2291 ejus
1462 2204 1704 2269 marito
1754 2204 1967 2270 dictas
2012 2204 2235 2270 decem
2281 2225 2530 2268 mareas
2575 2225 2695 2290 per
2753 2204 2966 2290 ipsum

864 2308 1109 2394 petitas
1153 2329 1414 2395 prorsus
1458 2306 1846 2384 remitteret,
1872 2309 1942 2371 et
1986 2304 2161 2392 ipsos
2206 2325 2403 2391 super
2445 2304 2687 2370 eisdem
2736 2305 2967 2370 amodo

865 2431 1208 2495 nunquam
1266 2407 1670 2495 inquietaret
1704 2432 1719 2472 ε
1812 2407 1924 2472 Ad
1968 2407 2148 2493 quod
2179 2406 2445 2492 quidem
2497 2405 2967 2491 jusjurandum

865 2511 960 2576 sic
1002 2512 1298 2577 delatum
1359 2509 1539 2575 dicta
1597 2508 1835 2575 Sibilla
1894 2530 2031 2574 una
2088 2529 2238 2574 011111
2298 2506 2539 2572 marito
2596 2529 2717 2572 suo
2778 2529 2969 2573 suum

863 2613 1154 2699 praebuit
1211 2632 1615 2688 consensum,
1659 2615 2018 2699 posteaque
2077 2610 2257 2675 dicta
2314 2609 2567 2688 mulier,
2626 2631 2764 2674 una
2822 2631 2969 2676 011111

867 2714 1062 2779 dictis
1123 2713 1466 2779 duodecim
1519 2712 1686 2777 viris
1746 2734 1865 2799 per
1922 2710 2313 2797 praedictum
2358 2711 2753 2797 Magistrum
2800 2711 2971 2777 Tho-

866 2838 1044 2881 mam
1105 2814 1454 2903 assignatis
1516 2819 1586 2879 et
1645 2817 1874 2880 nostra
1932 2813 2327 2880 auctoritate
2386 2812 2474 2879 ad
2517 2813 2639 2879 hoc
2685 2813 2968 2891 monitiS,

865 2918 1064 2984 certis
1123 2918 1230 2983 die
1291 2922 1361 2982 et
1418 2918 1559 2982 1000
1617 2939 1659 2981 8
1717 2914 1910 2981 1101118
1953 2915 2263 3001 praefixis,
2307 2916 2382 2980 in
2434 2916 2783 3001 praesentia
2824 2938 2970 3003 pro-

869 3020 1196 3084 curatoris
1257 3019 1422 3084 dicti
1483 3017 1789 3104 Magistri
1850 3018 2119 3084 Thomae
2180 3018 2563 3104 comparuit,
2621 3040 2701 3083 ac
2758 3020 2970 3104 primo

868 3121 1013 3207 ipsa
1072 3119 1322 3197 sibilla,
1385 3119 1584 3185 tactis
1643 3120 1859 3197 880118,
1916 3120 2148 3205 jurata
2205 3125 2275 3185 et
2340 3119 2722 3185 examinata
2778 3140 2973 3206 super

867 3222 1169 3300 veritate,
1227 3243 1316 3285 an
1375 3219 1622 3285 dictam
1679 3241 2004 3286 summam
2056 3220 2280 3285 decem
2337 3242 2706 3286 marcarum
2764 3222 2972 3287 eidem

869 3322 1192 3410 Magistro
1267 3323 1539 3388 Thomae
1615 3322 1871 3399 debuit,
1930 3326 2314 3390 constanter
2384 3324 2675 3409 negavit,
2735 3323 2972 3389 deinde

867 3425 1171 3513 praedicti
1232 3424 1575 3490 duodecim
1639 3424 1773 3488 viri
1822 3424 2056 3510 jurati,
2119 3429 2188 3489 et
2263 3424 2630 3490 examinati
2704 3446 2827 3511 per
2902 3447 2969 3490 se

867 3527 1280 3614 singillatim,
1329 3530 1753 3591 asseruerunt
1796 3526 2005 3612 ipsam
2055 3525 2360 3592 Sibillam
2423 3547 2650 3591 verum
2714 3527 2971 3614 praesti-

867 3631 1027 3695 tisse
1070 3630 1546 3715 juramentum.
1668 3628 1745 3693 N
1742 3650 1813 3694 08
1856 3626 2098 3713 ἐρίων,
2160 3628 2582 3694 attendentes
2625 3631 2971 3714 praefatum

869 3731 1268 3818 Magistrum
1355 3729 1676 3795 Thomam
1760 3730 1947 3795 nullo
2026 3728 2223 3794 modo
2312 3730 2591 3816 probare
2680 3731 2971 3818 potuisse

867 3831 1310 3899 intentionem
1370 3853 1578 3909 suam,
1629 3830 2007 3919 dictamque
2080 3830 2386 3897 Sibillam
2428 3831 2711 3897 formam
2771 3832 2973 3898 delati

859 3933 1225 4018 juramenti
1289 3932 1514 3999 debite
1576 3938 1644 3998 et
1703 3934 1835 3999 rite
1896 3931 2272 3999 observasse
2332 3937 2403 3997 et
2460 3934 2972 4021 perimplevisse,

867 4036 1074 4122 ipsam
1128 4041 1199 4102 et
1243 4036 1386 4122 ejus
1421 4036 1735 4101 maritum
1764 4035 1851 4101 ab
1878 4035 2298 4151 impetitione
2327 4034 2621 4121 ejusdem
2670 4034 2973 4124 Magistri

869 4136 1136 4203 Thomae
1225 4159 1423 4225 super
1506 4136 1704 4202 dictis
1788 4135 2010 4202 decem
2092 4136 2328 4203 marcis
2416 4135 2491 4201 111
2580 4141 2971 4225 perpetuum

869 4238 1184 4303 duximus
1242 4237 1717 4303 absolvendos·
1812 4237 1899 4302 In
1943 4259 2223 4324 quorum
2271 4238 2568 4303 omnium
2622 4243 2694 4305 et
2750 4240 2972 4325 singu-

866 4338 1084 4404 lorum
1142 4338 1343 4404 fidem
1405 4344 1473 4405 et
1534 4339 1991 4405 testimonium
2052 4339 2297 4405 eisdem
2368 4338 2624 4406 Sibillae
2706 4345 2778 4406 et
2856 4338 2903 4405 J
2904 4362 2970 4404 o-

867 4440 1076 4505 hanni
1159 4439 1279 4505 has
1351 4440 1579 4505 literas
1638 4445 1901 4505 nostras
1958 4439 2441 4507 testimoniales
2496 4440 2646 4505 fieri
2704 4440 2971 4507 fecimus

869 4542 1074 4630 sigilli
1117 4542 1328 4607 nostri
1374 4540 1570 4606 officii
1614 4542 2039 4658 appensione
2059 4542 2367 4607 munitas.

958 4645 1224 4710 Datwm
1295 4640 1571 4709 Ooecmioe
1643 4666 1733 4709 vn
1806 4642 2169 4711 mam-§imm
2241 4650 2507 4723 nostra,
2561 4664 2802 4731 prwno
2859 4642 2973 4709 die

867 4744 1125 4811 ‘mamis
1182 4743 1399 4823 Juliae,
1461 4766 1652 4811 amno
1709 4743 2008 4811 Domini
2071 4742 2440 4811 «81ΠοΜο
2510 4742 2974 4830 01ιαιῑ7ἤ81908-

869 4848 1104 4916 temno
1147 4844 1712 4935 quinquaqceimo
1755 4844 2055 4915 secundo.
