3466 5635
857 814 985 876 368
1191 827 1378 875 LIBRI
1426 825 1882 876 CANCELLARH
1932 827 2015 874 ΕΤ
2062 825 2635 878 PROCURATORUM.

855 998 1166 1080 amnium,
1187 1005 1526 1085 pratorum
1545 1005 1616 1065 et
1644 1023 1986 1066 nemorum
2017 1001 2462 1086 adjacentium
2482 1001 2956 1077 amoenitatem,

403 1115 806 1210 ffiggdffgfflff
859 1103 1246 1168 Bellesitum
1321 1103 1478 1166 olim
1562 1103 1952 1190 antiquitas,
2029 1104 2451 1191 postmodum
2527 1103 2873 1180 Oxoniam,
2918 1124 2959 1166 a

405 1220 524 1260 tum.
859 1206 1144 1292 quodam
1211 1204 1386 1270 vado
1449 1205 1668 1271 vicino
1738 1206 1832 1272 sic
1900 1207 2165 1288 dictam,
2235 1207 2519 1294 populus
2588 1206 2957 1272 Saxonicus

855 1307 1244 1386 nominavit,
1289 1311 1358 1372 et
1401 1309 1488 1372 ad
1532 1309 1751 1374 locum
1796 1309 2001 1374 studii
2064 1309 2419 1397 praeelegit.
2510 1309 2952 1374 Scientiarum

855 1411 1099 1499 quippe
1174 1409 1642 1477 exuberantior
1713 1409 2064 1498 pluralitas
2130 1409 2379 1479 ibidem
2444 1409 2821 1478 evidentius
2882 1433 2957 1476 eo

857 1515 1151 1580 cernitur
1195 1535 1325 1598 quo
1401 1513 1472 1577 in
1517 1514 1666 1578 aliis
1728 1516 1967 1580 studiis
2044 1516 2161 1579 uni
2232 1494 2618 1602 pluribusve
2666 1514 2959 1580 scientiis

407 1631 820 1726 Tpgflmgggffigity
857 1616 948 1682 sic
991 1615 1345 1693 insistitur,
1392 1621 1472 1680 ut
1531 1621 1757 1682 tamen
1802 1621 1925 1682 aut
1978 1615 2211 1704 plureS‚
2256 1623 2378 1684 aut
2430 1615 2669 1682 saltem
2732 1637 2955 1682 earum

409 1694 614 1785 ἷιιηιῗεᾱ
625 1733 774 1778 there.
861 1719 1104 1806 aliqua,
1133 1717 1442 1783 videatur
1487 1719 1773 1800 excludi3
1797 1718 1817 1755 ¹
1868 1720 2147 1786 Oxoniae
2192 1742 2347 1786 vero
2400 1719 2681 1806 singulae
2712 1719 2804 1788 sic
2848 1717 2960 1798 do,—

861 1823 1109 1898 centur,
1141 1819 1221 1885 ut
1265 1817 1494 1886 scienti
1500 1843 1539 1886 a
1584 1840 1732 1908 quae
1776 1817 1915 1887 illic
1957 1818 2309 1909 respuitur,
2356 1815 2735 1888 nullatenus
2779 1813 2963 1885 licita

860 1926 1220 1989 censeatur.
1299 1921 1660 1990 Catholicae
1690 1923 2019 2010 siquidem
2049 1924 2357 1990 veritatis
2387 1923 2731 1988 sinceritas
2760 1923 2862 1986 ita
2888 1921 2959 1986 in

411 2039 509 2134 3¹¹5
511 2039 624 2134 '23:31¹
627 2041 687 2144 toyt
693 2041 788 2135 ἔξω,
863 2025 1200 2106 doctrinis,
1232 2025 1462 2091 divina
1489 2016 1759 2092 favente
1790 2027 2026 2114 gratia,
2057 2030 2160 2092 est
2187 2027 2437 2093 ibidem
2466 2026 2803 2112 hucusque
2834 2047 2965 2090 ser-

413 2141 497 2184 tho
514 2140 647 2186 raith.
861 2131 1038 2206 vata,
1067 2132 1145 2193 ut
1174 2127 1442 2194 haeresis
1471 2128 1610 2195 illic
1639 2129 1992 2216 aliquoties
2036 2129 2430 2216 pullulantis
2478 2128 2795 2194 memoria
2823 2149 2959 2193 non

860 2231 1123 2310 existat,
1170 2251 1369 2316 quam
1414 2229 1488 2294 in
1547 2231 1650 2296 sui
1697 2237 1853 2298 ortu
1910 2253 2048 2297 non
2108 2229 2418 2297 occiderit
2466 2230 2956 2297 catholicorum

861 2331 1204 2398 doctorum
1249 2331 1545 2398 sollertia
1589 2337 1658 2398 et
1687 2333 2187 2421 praesidentium
2232 2333 2455 2421 vigilis
2501 2355 2673 2398 cura.
2766 2332 2959 2396 Hanc

409 2445 508 2488 'rho
595 2445 763 2498 vileses
861 2435 1130 2520 insuper
1157 2429 1709 2516 Universitatem,
1745 2431 2191 2502 Romanorum
2224 2431 2623 2501 Pontificum
2666 2451 2744 2500 ae
2774 2430 2960 2499 Dioe-

410 2495 507 2538 and
555 2507 722 2538 onours

410 2547 787 2650 ffg‘fiy‘fssg'g‘jn
861 2557 1240 2602 cesanorum
1283 2537 1651 2624 privilegiis
1715 2538 2124 2605 multimodis
2184 2539 2593 2618 adornatam,
2642 2538 2736 2602 sic
2778 2536 2960 2602 celsi—

409 2645 612 2700 bishom,
628 2647 721 2739 and
863 2639 1027 2705 tudo
1073 2639 1253 2725 regia
1297 2639 1704 2722 sublimavit,
1752 2645 1833 2706 ut
1877 2642 2411 2708 scholasticorum
2472 2640 2715 2706 ditioni
2758 2639 2960 2706 etiam

413 2697 564 2748 hm
863 2741 988 2806 1001
1029 2741 1397 2829 municipes
1461 2742 1735 2808 obnoxii
1802 2741 2261 2834 mutiplicaer
2313 2743 2686 2809 videantur.
2778 2740 2962 2808 Licet

864 2850 1086 2911 autem
1133 2846 1454 2933 [propter]
1474 2844 1502 2881 ²
1564 2846 1893 2914 difficilem
1959 2849 2156 2914 maris
2206 2848 2586 2929 transitum,
2638 2869 2714 2913 ac
2759 2847 2959 2911 situm

863 2951 1114 3030 insulae,
1144 2948 1322 3017 fama
1361 2958 1429 3019 et
1473 2950 1718 3020 notitia
1762 2950 1961 3043 hujus
2009 2952 2217 3021 studii
2262 2956 2351 3021 sit
2395 2950 2785 3041 quibusdam
2831 2954 2959 3018 dis-

861 3052 1162 3121 tantibus
1245 3052 1626 3143 regionibus
1688 3054 1909 3123 minus
1972 3062 2151 3135 nota,
2220 3080 2354 3123 non
2422 3052 2662 3123 minori
2734 3062 2958 3123 tamen

857 3156 1152 3223 noscitur
1193 3156 1634 3247 praerogativa
1678 3159 1981 3247 gaudere.

408 3278 790 3375 &apgvuffir
952 3256 1056 3324 Ne
1108 3256 1314 3347 igitur
1355 3266 1494 3327 tam
1539 3258 1821 3347 antiqui,
1870 3269 2013 3328 tam
2041 3260 2384 3349 generalis,
2433 3268 2574 3328 tam
2622 3256 2961 3338 Catholici,

410 3380 775 3476 ’tggggigmty
860 3368 1002 3428 tam
1075 3358 1479 3449 privilegiati
1548 3360 1755 3429 studii
1830 3368 2104 3445 statuta,
2180 3364 2544 3453 privilegia,
2622 3360 2961 3430 libertates

410 3482 528 3535 mny
551 3444 813 3537 reguffi
863 3468 930 3529 et
989 3460 1494 3531 consuetudines
1551 3465 1961 3553 ignorentur,
2009 3462 2195 3532 decet
2255 3470 2325 3533 et
2384 3464 2657 3555 expedit
2704 3488 2781 3532 ea
2824 3488 2957 3531 mo-

863 3568 1115 3655 dosque
1183 3564 1428 3647 earum,
1505 3566 1744 3655 quibus
1818 3566 2355 3636 scholasticorum
2422 3568 2567 3635 vita
2638 3569 2958 3635 constrin-

859 3668 1059 3759 gitur,
1121 3666 1473 3758 diligenter
1534 3678 1604 3737 et
1661 3668 1948 3739 fideliter
2007 3668 2361 3761 registrari.
2472 3668 2808 3761 Imprimis
2860 3678 2961 3737 est

861 3770 1188 3860 siquidem
1260 3771 1744 3840 advertendum
1818 3778 2088 3852 statuta,
2164 3770 2531 3863 privilegia,
2603 3770 2961 3851 libertates,

413 3910 534 3954 now
549 3908 840 3953 mmm
863 3880 933 3940 et
1015 3870 1538 3955 consuetudines,
1619 3874 2052 3959 conscientias
2130 3874 2600 3965 Magistrorum
2674 3872 2961 3963 singulo-

411 3960 763 4057 fflfflfflss,
845 3998 1030 4067 rum,
1077 4002 1156 4045 ea
1215 4002 1452 4067 easque
1501 3976 1898 4075 jurantium,
1960 3978 2052 4047 sic
2110 3978 2317 4071 ligare
2360 3987 2440 4047 ut
2483 3976 2686 4046 nullis
2736 3978 2960 4069 singu-

863 4078 1090 4146 lariter
1162 4078 1431 4171 impune
1497 4078 1692 4180 liceat
1746 4106 1838 4184 ¹ea
1904 4081 2186 4150 scienter
2259 4080 2631 4173 transgredi
2698 4100 2959 4171 quoquo

937 4382 951 4415 ¹
976 4400 1068 4450 quo
1091 4386 1142 4433 in
1165 4382 1280 4435 aliis
1301 4382 1492 4447 studiis,
1512 4385 1600 4435 uni
1620 4384 1678 4437 de
1704 4385 1867 4453 pluri·
1955 4386 2205 4455 inserting
2228 4388 2285 4439 de
2306 4390 2531 4441 between
2556 4388 2647 4439 uni
2673 4384 2774 4440 and
2798 4382 2957 4455 plum*-

869 4456 960 4513 bnoe
979 4462 1196 4514 scientiis
1231 4462 1304 4513 sie
1340 4462 1582 4515 insistitur
1621 4466 1678 4517 αἰ
1711 4470 1867 4518 maen
1954 4468 2059 4531 bus,
2095 4468 2197 4518 and
2234 4466 2436 4535 ming
2473 4482 2531 4518 ve
2562 4466 2692 4519 aster
2715 4464 2958 4533 pluribus.

869 4550 960 4593 aut
988 4540 1174 4609 plures,
1215 4551 1304 4595 aut
1341 4542 1511 4595 calum
1545 4546 1702 4611 πρίω·
1738 4562 1870 4613 pars
1957 4544 2013 4601 C.
2058 4549 2257 4599 follows
2298 4548 2389 4609 A„
2436 4556 2617 4613 except
2638 4546 2771 4598 ‘ssiat
2806 4548 2960 4611 major

867 4638 1049 4683 earum,
1069 4622 1289 4673 videatur
1311 4622 1518 4685 excludi,
1539 4624 1584 4675 is
1605 4624 1692 4675 the
1723 4626 1867 4676 read-
1951 4642 2077 4691 pars
2100 4626 2145 4677 is
2166 4627 2368 4678 written
2390 4626 2447 4676 in
2470 4628 2557 4678 the
2576 4626 2791 4693 margin.

867 4704 960 4769 ing
980 4704 1034 4754 in
1057 4704 1118 4755 B.
1143 4725 1156 4765 3
1194 4704 1295 4754 and
1317 4715 1438 4754 over
1469 4704 1558 4755 the
1579 4712 1689 4756 text
1717 4704 1775 4754 in
1798 4704 1866 4756 A.
2022 4708 2045 4737 ²
2067 4704 2293 4757 Omitted
2324 4706 2380 4755 in
2395 4715 2400 4722 ·
2415 4706 2484 4758 A.
2508 4707 2610 4756 and
2634 4704 2710 4768 C„
2746 4706 2846 4755 and
2880 4704 2955 4755 iu·

867 4782 1010 4835 there
1033 4798 1118 4835 are
1141 4783 1448 4835 corrections
1463 4783 1520 4835 in
1535 4800 1567 4836 a
1581 4784 1710 4841 later
1730 4784 1869 4835 haud
1957 4787 2123 4837 sel-ted
2144 4786 2214 4851 by
2236 4802 2267 4837 a
2288 4786 2417 4837 later
2436 4785 2592 4837 hand.
