3466 5635
443 1279 540 1322 'l'he
555 1278 768 1322 Proctors

443 1342 550 1422 {22³2
564 1329 814 1422 ma?

444 1431 546 1475 ford
558 1431 726 1482 during
735 1433 870 1476 term.

576 1967 639 2018 Β.
667 1973 748 2019 63.

577 2036 635 2086 C.
649 2041 726 2086 30.

443 2247 540 2291 The
557 2247 769 2290 Proctors

443 2297 562 2340 shall
577 2297 784 2340 examino

443 2350 526 2392 the
537 2351 666 2392 votes
682 2350 733 2390 at
750 2347 832 2390 the

442 2400 636 2442 electiori
653 2398 704 2440 of
715 2399 798 2442 the

444 2449 729 2494 Chancellor.

499 3636 638 3688 A.D.
661 3642 804 3688 1343.

445 3720 516 3763 Ev
612 3722 742 3763 votet·
756 3722 808 3763 at

445 3772 530 3813 the
544 3782 570 3814 e
587 3772 740 3813 ection
756 3772 810 3814 or

444 3821 528 3865 the
543 3820 814 3865 Ohmcellor

445 3870 566 3914 shall
581 3872 639 3915 be
655 3884 807 3915 ενοι-η

444 3924 496 3965 to
511 3924 617 3965 vote
632 3922 774 3967 disin·

447 3973 712 4025 terestedly.

894 833 1024 895 492
1223 847 1416 898 mnu
1462 845 1919 898 omentum
1966 849 2049 898 m·
2093 847 2669 900 Pnocmwronuu.

1206 1120 1560 1204 Quamdiu
1603 1122 2081 1190 Procuratores
2116 1130 2407 1210 pommt
2450 1121 2679 1190 abesse.

982 1267 1032 1332 I
1028 1273 1180 1346 tem,
1213 1268 1390 1356 quod
1436 1290 1586 1338 cum
1633 1269 2085 1340 cancellarius
2131 1271 2213 1337 de
2264 1275 2520 1338 statuto
2572 1291 2708 1336 non
2750 1271 3000 1358 poterit

891 1369 1066 1436 ultra
1111 1392 1404 1438 mensem
1449 1392 1516 1438 se
1562 1371 1704 1438 sine
1756 1373 1979 1460 gratia.
2029 1373 2297 1460 speciali
2350 1372 2423 1436 in
2474 1372 2671 1459 pleno
2715 1373 2999 1438 termino

891 1473 1256 1554 absentare,
1296 1473 1646 1553 statuitur,
1678 1474 1856 1561 quod
1888 1475 2215 1541 consimili
2256 1475 2473 1556 mode,
2504 1476 2758 1541 virtute
2802 1475 2997 1540 istius

892 1577 1150 1657 statuti,
1182 1576 1641 1642 Procuratores
1673 1575 2151 1644 Universitatis
2193 1577 2389 1642 istius
2433 1577 2719 1643 residere
2748 1577 2823 1643 in
2851 1599 2999 1663 pos·

890 1683 1112 1746 terum
1156 1679 1649 1766 compellantur.

895 1971 1089 2056 Quod
1115 1972 1597 2040 Procuratores
1625 1972 1773 2040 sim
1816 1971 2165 2040 auditores
2194 1971 2528 2040 scrutinii
2570 1972 2659 2040 in
2688 1971 2997 2040 electione

1732 2075 2197 2144 Cancellarti..

983 2233 1109 2302 Per
1139 2233 1604 2302 Procuratores
1635 2232 2119 2300 Universitatis
2162 2233 2398 2299 utilius
2427 2235 2647 2300 visum
2690 2239 2793 2300 est
2824 2234 2997 2322 quod

893 2336 1338 2404 nominatores
1393 2336 1753 2402 electorum
1814 2335 2201 2402 cancellarii
2260 2358 2376 2424 per
2434 2335 2829 2402 scrutinium
2882 2337 2999 2402 eli-

893 2445 1157 2528 gantur,
1187 2440 1359 2506 sicut
1389 2439 1562 2504 infra
1605 2439 1679 2504 in
1724 2438 2041 2506 electione
2086 2438 2596 2510 Procuratorum
2630 2440 3000 2528 expressius

895 2543 1284 2608 continetur.
1379 2541 1634 2606 Eadem
1678 2541 1883 2608 etiam
1912 2540 2123 2608 forma
2158 2541 2542 2626 juramenti,
2576 2563 2723 2630 quae
2758 2541 2856 2606 ibi
2886 2565 2998 2606 ex-

897 2642 1226 2729 primitur,
1258 2649 1654 2710 scrutatores
1697 2642 1771 2706 in
1814 2643 1937 2708 hac
1980 2642 2300 2708 electione
2344 2649 2713 2708 onerentur.
2806 2644 2999 2709 Scru-

895 2749 1142 2811 tatores
1170 2747 1243 2810 in
1271 2745 1396 2811 hac
1425 2745 1745 2810 electione
1775 2744 1914 2810 sint
1944 2745 2077 2810 duo
2107 2744 2581 2825 Procuratores
2612 2747 2728 2835 qui
2756 2747 2828 2811 in
2857 2747 3003 2835 ipsa

894 2848 1212 2915 electione
1241 2872 1375 2915 una.
1417 2870 1570 2917 cum
1613 2849 1973 2917 nominatis
2014 2848 2348 2933 intersint,
2376 2855 2457 2917 ut
2500 2850 2820 2921 haetenus
2858 2854 3001 2917 fue-

893 2957 1049 3018 rant
1093 2953 1403 3019 consueti.

897 3258 1006 3323 Dn
1052 3272 1438 3324 utu-<monn
1485 3256 1986 3335 cucuma,
2034 3272 2119 3321 Er
2162 3272 2381 3322 Primo
2425 3272 2805 3325 romi-tm
2848 3270 3000 3323 sm-

1075 3376 1260 3427 ‘rum
1287 3374 1825 3427 corennum
1869 3374 1994 3425 nos
2040 3376 2166 3436 om
2214 3374 2497 3425 mmm-r
2540 3376 2729 3427 DARE
2757 3378 3001 3427 vortm

1077 3482 1158 3531 m
1202 3479 1632 3541 omonimus
1677 3478 2062 3529 mmmm
2108 3462 2679 3531 UmvERsrrAns.

985 3620 1074 3689 In
1099 3621 1334 3709 vigilia
1377 3621 1444 3691 S.
1475 3621 1796 3709 Gregorii,
1826 3642 2003 3691 anno
2044 3620 2320 3689 Domini
2363 3621 2709 3689 millesimo
2753 3627 2999 3693 trecen-

894 3726 1133 3792 tesimo
1202 3724 1702 3813 quadragesimo
1772 3724 1997 3807 tertie,
2051 3723 2460 3794 wdcnatmn
2516 3732 2627 3807 eet,
2690 3728 2869 3814 quod
2924 3728 2999 3795 in

896 3828 1194 3916 qualibet
1257 3828 1574 3893 electione
1640 3826 1925 3913 quilibet
1992 3827 2349 3892 collaturus
2406 3850 2635 3894 vocem
2694 3834 3001 3897 oneretur

895 3936 1050 3999 ante
1103 3931 1490 3999 electionem
1531 3931 1797 4019 publice
1855 3952 1973 4019 per
2024 3930 2520 4010 Gemellas-ium,
2570 3932 2680 3999 vel
2730 3956 2847 4021 per
2904 3956 3001 3999 se-

897 4036 1152 4101 niorem
1217 4034 1599 4123 theologum
1673 4034 1749 4103 in
1818 4032 2137 4105 electione
2206 4032 2615 4115 cancellarii,
2680 4036 2803 4103 sub
2876 4036 3001 4103 hac

896 4138 1122 4205 forma.

989 4240 1152 4305 “Tu
1189 4236 1469 4326 jurabis,
1517 4238 1697 4325 quod
1744 4238 2080 4304 neminem
2126 4260 2168 4305 a
2202 4236 2311 4305 die
2358 4238 2779 4307 confectionis
2832 4265 2997 4337 prae-

919 4342 1185 4408 ‘sentis
1238 4340 1693 4420 ordinationis,
1744 4364 1863 4429 per
1919 4346 1989 4407 te
2048 4362 2169 4407 nec
2229 4364 2347 4429 per
2409 4342 2615 4408 alium
2672 4344 3002 4413 induxisti

899 4450 936 4480 “
981 4465 1103 4511 nec
1145 4444 1530 4531 procurasti,
1577 4444 1794 4525 minis,
1843 4464 2048 4533 prece,
2108 4464 2229 4510 nec
2273 4445 2504 4531 preti0,
2557 4466 2681 4513 nec
2724 4449 3001 4535 promis-

900 4555 938 4584 “
983 4547 1186 4629 sione,
1230 4568 1350 4613 nec
1393 4546 1629 4633 quovis
1679 4547 1813 4613 alio
1859 4547 2057 4613 modo
2092 4546 2351 4626 illicito,
2391 4548 2479 4613 ad
2522 4549 3001 4617 nominandum

897 4657 938 4687 ‘⁸
982 4650 1093 4716 vel
1150 4648 1526 4737 eligendum
1592 4648 1883 4737 aliquam
1948 4670 2296 4736 personam
2357 4650 2831 4723 nominandam
2890 4652 3004 4721 vel

899 4762 934 4791 “
979 4752 1351 4843 eligendam
1395 4751 1470 4821 in
1511 4750 2059 4843 hacjlectioneff'
