3466 5635
801 633 932 698 650
1343 643 1522 694 Aera
1567 641 1801 693 cunm
1846 637 2333 693 omcmmn.

801 853 1022 900 meam
1065 827 1354 900 fideliter
1413 827 1869 917 exequendam
1914 828 2165 907 ordino,
2212 827 2398 910 faei0,
2446 833 2515 894 et
2582 827 2909 894 constituo

805 959 984 1003 meos
1059 959 1250 1003 veros
1325 939 1394 1001 et
1461 932 1879 999 indubitatos
1972 935 2351 998 executores
2422 927 2911 1018 infrascripto&

813 1037 1137 1117 videlicet,
1167 1055 1288 1126 pro
1317 1036 1510 1104 bonis
1554 1035 1718 1100 meis
1748 1031 2313 1112 administrandis,
2344 1053 2493 1120 quae
2538 1038 2697 1099 sunt
2742 1031 2911 1099 Lon-

805 1141 988 1206 donii
1033 1141 1138 1206 vel
1185 1140 1256 1205 in
1303 1139 1626 1205 comitatu
1675 1137 2081 1204 Eboracensi
2126 1155 2245 1202 seu
2290 1135 2362 1200 in
2395 1137 2656 1215 Cantia,
2687 1137 2797 1201 vel
2838 1136 2913 1202 in

812 1243 1080 1310 dioecesi
1171 1241 1548 1319 Assevensi,
1633 1240 2029 1326 Magistrum
2094 1238 2458 1304 Robertum
2534 1236 2915 1322 Hereforde‚

819 1344 1164 1410 officialem
1233 1363 1472 1422 meum,
1520 1343 1923 1429 Magistrum
1986 1337 2416 1407 Wilhelmum
2465 1340 2748 1426 Bryane,
2802 1337 2913 1408 do-

811 1449 1075 1514 minum
1139 1447 1509 1512 Henricum
1583 1444 1924 1531 Walffrey,
1987 1443 2427 1509 celebrantem
2500 1444 2572 1508 in
2648 1443 2912 1510 ecclesia

707 1574 744 1611 ι
822 1549 1180 1638 parochiali
1227 1548 1289 1614 S.
1340 1545 1686 1612 Michaelis
1737 1545 2123 1612 Wodestret
2182 1544 2525 1622 Londonii,
2573 1545 2909 1611 dominum

815 1651 1242 1717 wilhelmum
1311 1649 1646 1727 Marshall,
1697 1652 2021 1714 rectorem
2088 1647 2373 1712 ecclesiae
2448 1647 2512 1713 S.
2576 1647 2775 1714 Olavi
2840 1652 2912 1714 in

809 1755 1210 1833 Silverstret‚
1255 1757 1323 1817 et
1385 1751 1432 1820 J
1436 1751 1763 1817 ohannem
1811 1751 1966 1836 Pye,
2010 1749 2494 1826 stationarium,
2544 1749 2727 1814 Lond
2736 1751 2905 1829 onii3

807 1859 898 1937 et,
944 1877 1066 1943 pro
1110 1854 1303 1920 bonis
1365 1853 1531 1918 meis
1590 1849 2056 1917 ministrandis
2124 1873 2243 1917 seu
2306 1851 2723 1936 exequendis,
2772 1876 2915 1940 quae

806 1963 965 2026 sunt
1013 1957 1312 2037 Oxoniae,
1358 1953 1754 2042 Magistrum
1798 1954 1847 2020 J
1849 1955 2177 2020 ohannem
2222 1953 2405 2021 Beek
2445 1953 2911 2041 supradictum,

807 2068 878 2128 et
924 2061 1322 2149 Magistrum
1367 2058 1416 2124 J
1419 2059 1751 2124 ohannem
1798 2057 2127 2144 Segefeld‚
2158 2053 2406 2122 socium
2452 2057 2617 2123 dicti
2660 2059 2915 2146 collegii

809 2164 1136 2244 Lincoln3
1181 2167 1252 2228 et
1298 2179 1418 2248 pro
1445 2160 1640 2226 bonis
1687 2159 1855 2225 meis
1898 2159 2445 2224 administrandis
2490 2164 2561 2226 et
2590 2181 2918 2247 exequen-

811 2268 914 2333 dis
979 2285 1126 2354 quae
1189 2269 1348 2330 sunt
1412 2263 1690 2342 Welliae,
1742 2261 2140 2349 Magistrum
2209 2261 2256 2328 J
2261 2259 2589 2328 ohannem
2656 2263 2914 2344 Stokes,

811 2369 1153 2436 dominum
1227 2366 1276 2432 J
1279 2365 1608 2431 ohannem
1656 2365 1963 2442 Pedwell,
2022 2365 2541 2430 communarium
2563 2364 2582 2403 ¹
2630 2367 2917 2436 ecclesiae

811 2469 1206 2538 cathedralis
1252 2466 1627 2546 Wellensis,
1679 2467 2027 2532 dominum
2094 2468 2416 2533 Thomam
2465 2467 2725 2550 Chewe,
2772 2472 2921 2537 sub-

812 2569 1303 2639 thesaurarium
1375 2570 1666 2636 ibidem:
1742 2574 1813 2634 et
1880 2568 2035 2635 volo
2098 2571 2275 2656 quod
2342 2575 2722 2638 executores
2788 2574 2921 2640 mei

812 2673 1119 2762 praedicti
1181 2673 1422 2758 jurent
1485 2691 1704 2737 coram
1775 2671 2127 2752 ordinariO,
2176 2673 2261 2738 ad
2322 2693 2518 2760 quem
2562 2674 2921 2742 insumatio

815 2782 886 2844 et
953 2774 1348 2863 approbatio
1416 2773 1767 2862 praesentis
1841 2775 2233 2841 testamenti
2308 2775 2510 2842 habet
2573 2777 2919 2865 pertinere,

815 2880 996 2945 ultra
1039 2877 1310 2943 solitum
1366 2877 1822 2962 juramentum
1896 2876 1979 2941 de
2048 2876 2337 2943 fideliter
2380 2878 2925 2961 administrandO,

815 2981 943 3062 ἀει,
994 2978 1174 3066 quod
1251 2977 1537 3065 quilibet
1612 2999 1845 3044 eorum
1914 2998 2127 3043 coram
2199 2980 2519 3066 praedicto
2594 2984 2924 3049 ordinario

808 3082 1015 3169 juret,
1045 3081 1227 3167 quod
1272 3081 1520 3167 absque
1567 3100 1893 3146 consensu
1940 3081 2264 3146 sociorum
2309 3104 2573 3148 suorum
2617 3090 2928 3151 coexecu·

819 3190 1058 3265 torum,
1091 3204 1208 3249 seu
1257 3182 1492 3248 saltem
1537 3182 1808 3269 majoris
1854 3186 1925 3248 et
1972 3183 2252 3249 sanioris
2294 3187 2505 3271 partis
2554 3188 2923 3267 eorundem,

817 3294 888 3355 et
991 3286 1360 3374 praesertim
1460 3285 1708 3372 absque
1808 3305 2131 3351 consensu
2236 3287 2542 3375 Magistri
2649 3290 2927 3358 Roberti

818 3388 1200 3469 Hereforde,
1250 3386 1545 3453 officiarii
1590 3386 1739 3466 mei,
1787 3388 1959 3451 nihil
2004 3388 2085 3454 de
2148 3388 2341 3455 bonis
2408 3393 2571 3457 meis
2615 3392 2929 3460 adminis-

816 3495 953 3558 tret
1031 3510 1147 3557 seu
1222 3489 1486 3569 alienet,
1564 3490 1741 3555 sicut
1816 3494 1975 3556 ante
2064 3497 2345 3557 mortem
2421 3515 2635 3559 meam
2708 3518 2927 3563 coram

818 3594 1141 3681 Magistro
1203 3592 1306 3657 W.
1371 3590 1616 3677 Bryan,
1686 3593 1952 3658 notario
2022 3593 2302 3679 publico,
2358 3594 2803 3681 juraverunt3
2856 3606 2926 3667 et

816 3696 994 3782 quod
1038 3694 1168 3783 ipsi
1199 3698 1580 3760 executores
1626 3700 1972 3761 manentes
2003 3694 2258 3763 Welliae
2289 3720 2426 3764 non
2464 3700 2927 3769 intromittant

817 3820 888 3864 se
933 3816 1085 3863 oum
1131 3796 1320 3863 bonis
1364 3796 1533 3861 meis
1603 3796 2159 3863 administrandis
2206 3820 2354 3885 quoe
2422 3806 2581 3868 sunt
2626 3802 2927 3887 Oxoniae,

819 3898 1166 3981 Londonii,
1213 3899 1324 3964 vel
1391 3898 1571 3976 alibi,
1635 3904 1706 3964 et
1778 3899 1958 3985 quod
2012 3900 2217 3965 simili
2283 3904 2478 3969 modo
2550 3913 2931 3975 executores

823 4004 956 4069 mei
1005 4006 1486 4070 commorantes
1535 4001 1868 4068 Londonii
1926 4001 2035 4068 vel
2076 4004 2357 4070 Oxoniae
2402 4026 2539 4072 non
2596 4008 2935 4077 intromit-

824 4109 978 4171 tant
1023 4124 1091 4171 se
1138 4104 1222 4170 de
1261 4104 1454 4171 bonis
1499 4105 1663 4170 meis
1705 4104 1987 4185 Welliae,
2016 4126 2138 4172 nee
2186 4108 2507 4175 alteruter
2539 4112 2931 4195 eorumdem,

823 4211 959 4278 nisi
1005 4211 1084 4277 de
1153 4212 1346 4277 bonis
1408 4211 1482 4275 in
1527 4211 1664 4277 suis
1724 4211 1886 4276 locis
1970 4213 2145 4299 apud
2208 4237 2317 4281 eos
2376 4220 2815 4302 manentibuS,
2864 4229 2933 4288 et

827 4312 1006 4399 quod
1051 4332 1275 4378 omnes
1320 4318 1698 4379 executores
1743 4314 1873 4379 mei
1931 4316 2229 4402 praedicti
2290 4322 2689 4389 conveniant
2738 4324 2930 4391 simu]

2286 4482 2373 4491 *-

1591 4558 1606 4591 ¹
1646 4576 1706 4610 co
1713 4560 2031 4625 nminat-im,
2052 4558 2169 4615 MS.
