3466 5635
913 766 1103 815 unm
1146 766 1605 815 CAN-onmium
1650 766 1736 815 ΕΤ
1779 766 2355 816 Pnocum‘rontm.
2553 753 2680 815 441

580 947 865 1027 quatuor
909 942 1217 1029 Magistri
1280 943 1803 1030 grammaticales
1848 941 1955 1008 vel
1998 948 2284 1029 quatuor
2330 942 2690 1009 Bachilarii

579 1047 825 1111 artium
886 1046 996 1111 vel
1038 1050 1324 1131 quatuor
1376 1046 1683 1132 Magistri
1727 1044 1975 1110 artium
2027 1068 2147 1133 pro
2190 1046 2556 1133 inceptui-is
2613 1048 2689 1111 in

580 1148 1011 1234 grammatica
1098 1148 1180 1213 de
1264 1147 1651 1213 credulitate
1739 1147 2085 1233 deponere,
2161 1148 2278 1213 sed
2351 1149 2476 1215 hoc
2551 1170 2689 1214 non

588 1250 961 1336 requiritur.

806 1488 919 1551 Dr.
962 1501 1530 1551 οοΝΤῙΝσΑΤΙοΝΕ
1576 1501 1976 1551 nicenorum
2021 1486 2466 1551 Rauranum.
2847 1486 2919 1603 ἓ·
2935 1492 3026 1603 33-

672 1630 859 1707 Item,
907 1630 1292 1715 incepturus
1338 1629 1412 1693 in
1470 1629 1902 1714 grammatica
1937 1628 2122 1713 juret
2177 1628 2251 1692 in
2305 1650 2426 1693 sua
2470 1628 2690 1713 incep-
2852 1621 2908 1672 C·
2935 1626 3014 1670 59·

583 1732 766 1797 tione
814 1733 991 1817 quod
1036 1733 1175 1817 ipse
1220 1730 1641 1797 continuabit
1688 1752 1876 1795 suam
1921 1730 2242 1796 lecturam
2291 1731 2693 1803 ordinariam
2715 1698 3148 1844 Ξιοὲἔὲεέιέἷιοξῃ.

582 1856 700 1921 per
774 1839 996 1900 totum
1070 1856 1321 1898 annum
1396 1833 1469 1898 in
1530 1856 1661 1920 quo
1728 1833 2069 1921 inceperit,
2149 1838 2218 1899 et
2291 1856 2408 1921 per
2469 1839 2692 1899 totum
2717 1850 3148 1953 ξὲιέιῖξιέξέἔυοίᾱῆ

582 1958 831 2001 annum
898 1942 1298 2022 sequentem,
1358 1936 1649 2021 exceptis
1724 1936 2187 2001 vacationibus
2232 1935 2694 2001 communibus
2717 1954 2822 2045 {gut
2838 1962 2949 2004 yan-
2963 1952 3057 2013 anfi

582 2043 652 2102 et
737 2038 967 2103 diebus
1027 2038 1304 2115 festivi&
1386 2038 1517 2102 nisi
1580 2059 1804 2102 secum
1867 2037 2212 2123 contingat
2289 2037 2485 2102 aliter
2560 2037 2693 2102 dis·
2719 2002 3092 2105 yessrffuoeoedmg

582 2141 844 2227 pensari
886 2162 1005 2227 per
1053 2138 1535 2205 cancellarium
1580 2143 1650 2204 et
1696 2138 2173 2205 Procuratores.

924 2409 944 2447 ¹
970 2409 1211 2491 Quales
1260 2408 1429 2475 libri
1475 2408 1728 2475 eisdem
1771 2415 1941 2475 eunt
1983 2407 2359 2475 interdicti.

675 2563 728 2627 I
718 2584 992 2649 oza-uper,
1055 2562 1381 2627 Dominus
1436 2561 1882 2646 Cancellarius
1941 2564 2225 2648 cupiens,
2271 2565 2352 2625 ut
2411 2564 2694 2638 tenetur,
2718 2585 2862 2629 What
2875 2585 3020 2629 books
3037 2585 3120 2628 tho

584 2686 809 2729 omnes
856 2668 925 2728 et
980 2664 1272 2750 singulos
1331 2662 1817 2728 Universitatis
1864 2662 2202 2728 Scholares
2262 2668 2333 2728 et
2392 2662 2694 2727 subditos
2718 2637 3146 2739 :iffiigssfflnugf’

586 2767 878 2831 moribus
924 2764 1236 2844 decorari,
1286 2764 1603 2850 adjiciens
1662 2764 1745 2830 ad
1796 2764 1938 2830 haec
1995 2764 2240 2830 statuit
2283 2770 2344 2830 et
2401 2771 2481 2830 ut
2539 2785 2694 2830 con-

586 2867 1022 2934 suetudinem
1050 2866 1426 2944 ordinavit,
1458 2866 1639 2952 quod
1684 2867 2004 2954 Magister
2046 2867 2438 2952 quicumque
2467 2887 2699 2953 regens

590 2971 663 3036 in
737 2970 1183 3057 grammatica,
1232 2991 1493 3034 necnon
1552 2969 1950 3054 quicumque
2018 2969 2190 3035 alius
2252 2969 2696 3055 grammaticae

588 3074 889 3160 publicus
948 3072 1341 3138 informator
1412 3073 1593 3157 legat
1667 3071 1807 3135 suis
1882 3069 2308 3137 Scholaribus
2367 3071 2698 3137 duntaxat

588 3175 835 3240 librum
894 3175 1034 3240 sive
1078 3174 1281 3239 libros
1339 3171 1603 3258 regulas
1665 3177 1738 3237 et
1799 3177 2112 3237 naturam
2173 3173 2697 3260 grammaticales

586 3276 1039 3363 principaliter
1080 3279 1564 3362 pertractantes
1608 3273 1716 3338 vel
1765 3275 1960 3338 aliter
2003 3279 2534 3360 pertractantem,
2575 3280 2696 3339 aut

584 3379 861 3444 moralia
921 3377 1028 3442 vel
1089 3376 1505 3464 metaphoras
1566 3375 1707 3441 sive
1767 3377 2022 3463 poesias
2066 3378 2409 3456 honestas3
2455 3376 2695 3464 quibus

588 3481 791 3546 etiam
823 3479 1162 3566 Magistris
1207 3501 1281 3543 ac
1310 3479 1543 3544 ceteris
1586 3477 2128 3544 informatoribus
2167 3479 2343 3544 idem
2389 3479 2694 3544 dominus

588 3582 1031 3649 Cancellarius
1090 3581 1431 3647 interdicit
1489 3581 1812 3646 lecturam
1873 3587 1942 3646 et
2001 3583 2481 3668 expositionem
2539 3581 2694 3647 libri

590 3683 818 3750 Ovidii
864 3690 899 3718 “
922 3683 1003 3749 de
1044 3681 1215 3749 Arte
1260 3682 1645 3764 Amandi,”
1691 3688 1763 3747 et
1823 3683 2174 3770 Pamphili,
2221 3689 2421 3770 atque
2482 3683 2694 3768 cujus·
2715 3705 3095 3776 omn-‘qgam

585 3786 753 3852 libet
795 3785 951 3851 libri
980 3785 1250 3850 alterius
1281 3785 1395 3870 qui
1433 3807 1583 3850 suos
1631 3784 1972 3850 Scholares
2017 3785 2312 3849 alliceret
2349 3786 2434 3850 ad
2463 3784 2695 3851 illicita
2716 3757 3115 3851 ifffflsssshfflm

586 3889 695 3954 vel
738 3893 1141 3976 provocaret.
2717 3857 2998 3911 prohubited.

664 4113 859 4196 Quod
902 4111 1050 4200 ipsi
1094 4110 1328 4178 debent
1373 4111 1730 4178 intendere
1777 4111 1862 4176 M
1857 4111 2143 4198 ayietris
2189 4111 2458 4212 artium
2492 4137 2627 4200 pro

1208 4213 1673 4301 yram‘matica
1715 4214 2080 4302 deputatis.

682 4365 871 4432 Idem
914 4365 1119 4431 etiam
1172 4365 1499 4430 Dominus
1545 4364 1988 4431 Cancellarius
2039 4367 2284 4432 statuit
2329 4374 2388 4432 et
2418 4375 2497 4433 ut
2541 4389 2693 4434 con-
2713 4373 3142 4478 ffissfgpgohoeb

586 4466 1029 4535 suetudinem
1059 4466 1437 4546 ordimavit,
1465 4469 1641 4554 quod
1686 4468 2082 4554 quicumque
2113 4469 2433 4557 Magister
2459 4491 2693 4557 regens
2715 4475 2968 4571 afflgggg
2983 4479 3132 4572 {Rhe

907 4705 922 4735 ¹
950 4703 1006 4754 C.
1030 4704 1122 4753 has
1148 4703 1269 4769 only
1290 4703 1376 4753 the
1396 4703 1562 4753 words
1584 4699 1723 4750 Nota
1746 4701 1841 4764 hic,
1864 4703 1965 4752 and
1985 4717 2052 4753 no
2075 4703 2218 4754 other
2239 4700 2362 4755 title.
