3466 5635
933 971 1068 1036 640
1489 979 1664 1030 ΛΟΜ
1709 977 1948 1030 cunm
1994 979 2471 1030 cANcsLnARn.

929 1169 1036 1234 die
1079 1167 1326 1234 mensis
1393 1165 1716 1246 Octobris,
1761 1185 1941 1230 anno
2008 1164 2279 1230 Domini
2337 1162 2687 1230 millesimo
2732 1162 3043 1249 quadrin-

927 1269 1292 1357 gentesimo
1339 1267 1885 1354 quinquagesimo
1932 1267 2233 1344 secunde,
2276 1265 2468 1354 regni
2527 1265 2703 1352 regis
2764 1265 3042 1330 Henriei

929 1371 1104 1438 sexti
1163 1375 1314 1458 post
1358 1375 1791 1456 conquestum
1854 1369 2205 1446 tricesimo,
2252 1368 2326 1431 in
2371 1368 2565 1433 domo
2610 1367 3045 1433 habitationis

928 1473 1062 1540 mei
1106 1471 1376 1538 Ricardi
1443 1471 1747 1538 Cerdone
1808 1471 1882 1535 in
1928 1477 1963 1506 “
1982 1467 2464 1546 Silverstmte‚”
2528 1490 2659 1554 690,
2728 1469 3046 1534 Ricardus

931 1575 1227 1650 Brovme,
1259 1573 1628 1661 vulgariter
1655 1577 1885 1638 tamen
1912 1571 2284 1658 appellatus
2312 1571 2702 1658 cognomine
2726 1570 3045 1648 Cerdone,

931 1675 1450 1742 Archidiaconus
1495 1675 1841 1755 Roffensis,
1888 1673 2107 1760 legum
2166 1673 2413 1754 doctor,
2458 1673 2808 1738 canonicus
2852 1671 3050 1738 eccle·

931 1778 1179 1843 siarum
1223 1776 1696 1843 cathedralium
1746 1775 2189 1854 Eboracensis‚
2240 1773 2603 1852 Wellensis,
2648 1774 3047 1850 AssavensiS‚

933 1879 1337 1965 dudumque,
1400 1885 1694 1965 tempore
1764 1876 2041 1942 Martini
2110 1877 2310 1964 Papae
2376 1877 2617 1962 quarti,
2684 1877 3045 1942 consistorii

933 1981 1274 2069 apostolici
1319 1986 1390 2047 et
1433 1982 1634 2047 curiae
1679 1980 2178 2046 Cantuariensis
2225 1987 2263 2015 “
2284 1979 2367 2044 de
2426 1978 2707 2044 arcubus
2730 1977 2765 2003 '³
2828 1985 3047 2044 actua-

937 2083 1090 2148 liter
1130 2082 1513 2162 advocatus,
1559 2103 1823 2168 compos
1885 2081 2133 2146 mentis
2176 2102 2443 2166 corpore
2486 2085 2717 2146 tamen
2762 2080 3045 2156 insanus,

933 2181 1163 2262 condo,
1209 2183 1422 2269 facio,
1467 2181 1717 2249 orarem
1760 2203 1993 2248 mcwm
2038 2189 2515 2248 testaanentwn
2556 2189 2617 2247 et
2658 2203 3047 2268 supremam

932 2285 1350 2352 vobwntatem
1391 2305 1618 2350 maan
1659 2283 1785 2350 sub
1814 2281 2039 2350 ‘modis
2082 2289 2144 2349 et
2174 2283 2415 2369 forma
2442 2304 2591 2369 quoe
2618 2287 3001 2370 sequuntur
3020 2307 3047 2362 ,-

933 2386 985 2452 I
977 2408 1031 2451 π
1096 2385 1372 2472 primia
1438 2386 1525 2451 do
1591 2389 1661 2450 et
1733 2385 1881 2472 lego
1956 2384 2247 2450 animam
2322 2405 2536 2450 meam
2610 2384 3049 2470 omnipotenti

934 2487 1078 2554 Deo
1139 2487 1440 2555 Creatori
1483 2492 1553 2553 et
1599 2487 1935 2553 Salvatori
1984 2508 2148 2564 meo,
2193 2487 2739 2572 Beatissimaeque
2787 2485 3047 2572 Virgini

937 2589 1184 2655 Mariae'
1215 2589 1524 2676 genitrici
1571 2589 1926 2676 Unigeniti
1958 2589 2117 2654 Filii
2148 2587 2293 2665 Dei,
2342 2593 2411 2654 et
2454 2587 2813 2653 universali
2860 2588 3050 2654 choro

935 2690 1230 2756 omnium
1301 2691 1714 2770 Sanctorum,
1760 2711 2122 2777 corpusque
2190 2710 2411 2754 meum
2472 2689 2557 2755 ad
2601 2689 3047 2777 sepeliendum

934 2798 1016 2859 ut
1059 2793 1398 2879 sequitur;
1445 2792 1520 2860 Si
1563 2793 1743 2859 enim
1790 2814 1894 2859 me
1940 2792 2116 2859 diem
2162 2792 2465 2858 claudere
2510 2814 2889 2881 supremum
2940 2816 3051 2861 seu

935 2896 1106 2961 mori
1165 2895 1511 2981 contingat
1572 2896 1646 2959 in
1712 2895 1987 2967 civitate
2056 2894 2397 2960 Londonio
2460 2894 2572 2960 vel
2631 2918 2851 2982 prope,
2896 2902 3053 2962 tunc

940 2997 1014 3062 in
1057 2998 1318 3084 porticu
1363 2996 1648 3063 ecclesiae
1711 2997 1775 3064 S.
1823 2996 2161 3063 Dunstani
2206 2997 2281 3060 in
2324 2997 2677 3076 occidente,
2708 2998 2817 3063 vel
2864 3004 3053 3063 extra

940 3100 1271 3185 porticum
1345 3099 1483 3165 sive
1541 3098 1899 3164 introitum
1974 3098 2171 3165 dictae
2242 3097 2532 3166 ecclesiae
2590 3100 2715 3165 sub
2776 3100 2953 3182 divo,
2998 3100 3053 3165 si

940 3199 1120 3265 infra
1161 3200 1307 3265 fieri
1352 3221 1488 3265 non
1534 3205 1767 3286 potest,
1815 3221 2018 3287 prope
2080 3206 2339 3287 patrem
2406 3222 2626 3267 meum
2668 3201 2930 3267 dudum
2982 3204 3052 3267 in

942 3300 1124 3366 dicta
1166 3300 1476 3388 parochia
1519 3302 1686 3367 artis
1708 3302 2090 3381 vlatonarise,
2136 3308 2205 3367 et
2248 3302 2496 3370 ibidem
2526 3304 2875 3389 sepultum,
2908 3327 3054 3370 cum

943 3402 1466 3491 superpositione
1541 3403 1740 3469 unius
1807 3404 2047 3490 lapidis
2113 3404 2298 3490 plani
2384 3406 2752 3483 marmorei,
2818 3408 3054 3493 sculpti

942 3526 1094 3571 cum
1136 3505 1472 3592 epitaphio
1514 3506 1952 3592 infrascriptO,
1982 3506 2069 3571 ad
2100 3506 2395 3572 decorem
2426 3506 2587 3573 dicti
2616 3506 2758 3588 loci,
2804 3508 3056 3574 levibus

942 3612 1173 3673 tamen
1217 3606 1526 3694 expensis
1569 3612 1640 3671 et
1683 3607 1826 3673 sine
1870 3628 2113 3694 pompa
2138 3605 2157 3644 ¹
2208 3606 2400 3673 volo:

1036 3708 1110 3774 Si
1138 3728 1296 3773 vero
1341 3707 1516 3773 infra
1559 3708 1905 3774 dioecesem
1934 3708 2311 3775 Roffensem
2352 3732 2459 3775 me
2490 3710 2671 3776 obire
2702 3712 3055 3799 contingat,

944 3818 1106 3877 tunc
1150 3809 1383 3876 ordino
1414 3831 1649 3897 corpus
1677 3832 1899 3877 meum
1928 3811 2002 3875 in
2031 3810 2320 3878 cancello
2351 3812 2633 3879 ecclesiae
2662 3814 3051 3900 parochialis

943 3910 1028 3977 de
1074 3910 1409 3999 Longfeld‚
1455 3910 1786 3977 Roffensis
1816 3912 2132 3993 dioecesiS,
2164 3934 2251 3978 ex
2280 3913 2583 4000 opposito
2612 3916 2859 3979 summi
2888 3915 3053 3980 alta-

941 4014 1050 4092 ris,
1084 4034 1236 4079 cum
1279 4013 1803 4100 superpositione
1845 4012 2081 4078 similis
2123 4014 2364 4100 lapidis
2414 4019 2485 4079 et
2529 4015 2868 4102 epitaphio
2898 4038 3059 4103 prae·

943 4114 1122 4180 dicto
1149 4115 1591 4181 funerandum
1619 4140 1636 4181 ι
1682 4116 1757 4181 Si
1786 4136 1943 4181 vero
1970 4114 2147 4180 infra
2177 4116 2519 4183 civitatem
2550 4116 2928 4184 Roffensem
2958 4139 3059 4183 me

943 4216 1114 4281 mori
1157 4217 1518 4304 contingat,
1565 4222 1728 4283 tunc
1773 4218 1925 4283 volo
1956 4240 2190 4305 corpus
2219 4240 2439 4284 meum
2484 4217 2745 4306 sepeliri
2791 4221 2863 4285 in
2908 4242 3058 4286 can-

943 4318 1108 4383 cello
1151 4318 1379 4385 Beatae
1425 4320 1656 4385 Mariae
1702 4318 2000 4407 Virginis
2057 4319 2230 4385 infra
2274 4319 2611 4387 ecclesiam
2657 4343 2905 4389 conven
2914 4329 3053 4388 tua-

942 4418 1075 4485 lem
1119 4426 1190 4485 et
1231 4420 1672 4487 cathedralem
1738 4421 1935 4487 Beati
1992 4422 2278 4488 Andreae
2342 4423 2688 4504 Roffensis,
2735 4425 2824 4490 ad
2868 4426 3060 4512 pedes

945 4521 1198 4586 domini
1242 4521 1512 4587 Ricardi
1578 4522 1832 4609 Yonge,
1879 4524 2209 4610 quondam
2256 4525 2541 4612 episcopi
2610 4526 2953 4604 Roffensis,
2996 4530 3063 4591 et

945 4622 1144 4709 primi
1210 4624 1604 4711 promotor-is
1663 4625 1814 4704 mei,
1884 4646 2035 4691 cum
2108 4627 2627 4713 superpositione
2699 4628 2940 4715 lapidis
2999 4632 3066 4693 et

1081 4862 1098 4895 ¹
1124 4863 1238 4915 The
1256 4864 1424 4916 words
1446 4880 1624 4929 eorpus
1644 4880 1795 4916 mem
1815 4863 2017 4931 sepeliri
2038 4880 2175 4917 seem
2195 4872 2250 4916 to
2272 4868 2335 4918 be
2359 4867 2571 4919 omitted
2592 4866 2900 4920 hereo-En.
