3466 5635
335 1039 588 1086 Executors
603 1035 656 1078 or

334 1087 556 1185 danii-gu
570 1095 740 1180 shallm

333 1193 394 1236 be
409 1187 552 1234 askod
567 1187 640 1229 for

331 1237 663 1287 benefictions.

359 4530 402 4573 A
415 4524 602 4571 further
617 4522 734 4567 offer

359 4580 482 4623 from
497 4574 582 4619 the
597 4584 724 4617 name

359 4628 480 4673 slim
495 4626 593 4670 also
607 4625 668 4669 be

361 4675 600 4732 accepted.

793 821 924 892 574
1310 835 1488 886 acm
1531 835 1768 887 cunm
1814 833 2293 888 cANcELLARn.

876 1023 928 1088 I
923 1030 1069 1102 tem,
1117 1023 1322 1088 iidem
1383 1021 1727 1087 duodecim
1773 1021 2092 1088 Doctores
2136 1025 2207 1088 et
2253 1021 2561 1109 Magistri
2606 1023 2891 1090 ordv‘ma·

785 1133 1049 1204 verumt,
1119 1124 1295 1212 quod
1361 1125 1485 1189 fiat
1548 1123 1874 1189 instantia
1933 1145 2051 1210 per
2111 1123 2518 1190 venerabiles
2581 1147 2892 1212 personas

790 1227 1288 1306 Universitatis,
1314 1230 1436 1291 aut
1463 1245 1581 1312 per
1608 1224 1818 1312 ipsam
1852 1225 2395 1306 Universitatem,
2428 1227 2891 1293 executoribus

786 1328 1337 1390 testamentorum
1426 1323 1713 1389 divitum
1789 1328 1858 1388 et
1931 1323 2497 1391 ministratoribus
2565 1325 2891 1391 bonorum

786 1427 1165 1512 potentium
1227 1447 1653 1512 personarum
1718 1424 2193 1506 defimctarum,
2268 1431 2387 1492 aut
2460 1426 2639 1493 vivae
2711 1427 2893 1494 vocis

789 1528 1052 1595 oraculo
1111 1532 1230 1594 aut
1290 1550 1406 1615 per
1448 1527 1694 1609 literas,
1723 1528 1813 1592 ad
1856 1526 2031 1593 bona
2074 1527 2150 1592 in
2194 1527 2621 1615 dispositione
2666 1550 2895 1595 eorum

787 1631 1020 1698 relicta
1063 1629 1404 1717 largienda
1446 1628 1714 1694 fabricae
1778 1629 2106 1694 dictarum
2180 1628 2569 1712 scholarum,
2634 1631 2895 1716 quoties

791 1738 940 1800 octo
969 1731 1311 1820 Magistris
1356 1731 1684 1796 dictorum
1729 1730 2077 1796 duodecim
2120 1736 2241 1797 aut
2284 1752 2511 1798 eorum
2558 1733 2895 1819 deputatis

791 1837 901 1903 vel
945 1834 1403 1921 subdeputatis
1446 1832 1787 1899 videbitur
1829 1833 2157 1920 expedire.

887 2031 930 2096 1
933 2037 1082 2110 tem,
1113 2029 1315 2095 iidem
1347 2028 1694 2095 duodecim
1723 2029 2025 2094 doctores
2053 2033 2124 2093 et
2150 2027 2458 2115 Magistri
2487 2033 2896 2106 statuew‘nt,

797 2133 976 2220 quod
1033 2153 1258 2198 omnes
1315 2137 1386 2198 et
1443 2131 1738 2217 singulas
1797 2151 2027 2216 poenas
2086 2130 2499 2217 pecuniarias
2556 2134 2901 2197 contentas

797 2237 870 2300 in
910 2235 1202 2314 statutis,
1231 2238 1354 2298 aut
1391 2233 1670 2320 registro
1703 2231 2092 2298 Cancellarii
2136 2233 2511 2298 commissas
2548 2237 2618 2298 et
2647 2233 2905 2298 debitas

803 2337 1251 2403 Universitati
1294 2356 1413 2422 per
1457 2335 1784 2400 actionem
1832 2333 2344 2399 Procuratorum
2391 2333 2682 2420 ejusdem
2715 2335 2747 2421 j
2754 2335 2899 2400 udi-

801 2438 1054 2504 cialiter
1096 2458 1218 2525 pro
1261 2436 1622 2502 commissis
1667 2456 1882 2501 coram
1918 2434 2324 2500 (lancellam-io
2362 2435 2691 2522 probatas,
2722 2437 2897 2501 idem

803 2539 1247 2607 cancellarius
1290 2539 1468 2605 levet
1512 2537 1620 2604 vel
1662 2536 1875 2603 levari
1918 2535 2120 2604 faciat
2165 2559 2315 2603 eum
2360 2537 2618 2616 effectu,
2648 2559 2797 2624 quae
2826 2538 2901 2603 in

799 2663 993 2708 usum
1035 2640 1303 2708 fabricae
1347 2661 1674 2707 novarum
1717 2638 2085 2705 scholarum
2130 2644 2621 2706 convertantur.

893 2844 1088 2925 Item,
1135 2865 1286 2909 cum
1349 2843 1514 2907 alias
1582 2846 1729 2906 erat
1792 2840 2089 2907 oblatum
2152 2860 2270 2927 per
2328 2840 2509 2906 viros
2566 2838 2903 2926 religiosos

802 2946 1313 3033 possessionatos
1357 2944 1441 3009 de
1485 2943 1703 3008 dando
1753 2940 2203 3007 Universitati
2248 2945 2514 3007 centum
2572 2941 2775 3006 libras
2818 2940 2905 3005 ad

803 3048 1122 3115 fabricam
1166 3066 1494 3111 novarum
1537 3044 1924 3121 scholarum,
1974 3042 2329 3109 dummodo
2390 3043 2569 3109 dicta
2616 3043 2902 3108 Univer-

717 3159 779 3204 h0
803 3153 967 3219 sitas
1026 3151 1304 3216 formam
1366 3169 1566 3233 quam
1624 3146 1883 3234 possint
1934 3145 2256 3232 complere
2316 3144 2458 3211 sine
2516 3146 2737 3232 gratia
2784 3165 2905 3233 pro

803 3253 1014 3341 gradu
1059 3249 1522 3318 bacallariatus
1566 3248 1640 3313 in
1672 3248 1826 3335 jure
1870 3248 2179 3313 canonico
2248 3246 2587 3326 sumend0‚
2648 3267 2905 3311 necnon

806 3354 984 3442 quod
1035 3358 1183 3421 octo
1250 3352 1410 3417 anni
1471 3351 1546 3415 in
1610 3348 2029 3437 philosophia
2076 3354 2145 3414 et
2204 3368 2321 3413 sex
2380 3347 2541 3412 anni
2598 3348 2672 3412 in
2717 3348 2907 3414 theo-

806 3460 985 3545 logia
1023 3456 1280 3545 possint
1325 3454 1418 3519 eis
1457 3451 1748 3518 sufficere
1791 3451 1880 3516 ad
1922 3450 2227 3515 effectum
2272 3449 2451 3535 quod
2494 3450 2751 3537 possint
2790 3449 2905 3514 ad-

807 3561 995 3625 mitti
1040 3558 1127 3624 ad
1170 3558 1490 3623 lecturam
1533 3553 1692 3618 libri
1745 3551 2225 3617 sententiarum
2270 3556 2598 3618 statueret
2626 3557 2696 3617 et
2732 3552 2907 3617 ordi-

809 3667 1018 3742 naret,
1048 3658 1314 3747 praefati
1342 3655 1690 3722 duodecim
1717 3652 2038 3719 Doctores
2068 3657 2139 3719 et
2170 3652 2479 3739 Magistri
2515 3660 2909 3720 statuam-nt

807 3764 1004 3849 quod,
1053 3762 1368 3849 primitus
1433 3758 1611 3823 facta
1669 3755 2027 3823 securitate
2078 3752 2440 3820 sufficiente
2508 3777 2625 3842 per
2699 3756 2911 3821 dictos

807 3866 1147 3954 religiosos
1215 3863 1300 3929 de
1373 3859 1712 3947 praemissa
1774 3878 2031 3923 summa
2102 3856 2550 3923 Universitati
2622 3857 2912 3923 fideliter

809 3967 1140 4046 solvenda,
1205 3961 1630 4030 Universitas
1699 3960 1967 4027 ordinet
2032 3958 2311 4023 formam
2377 3980 2579 4045 quam
2644 3965 2912 4045 possent

809 4070 1132 4157 complere
1193 4087 1314 4153 pro
1377 4064 1556 4130 dicto
1602 4062 1817 4150 gradu
1882 4060 2259 4148 recipiendo
2322 4062 2463 4126 sine
2530 4061 2770 4147 gratia,
2840 4066 2911 4127 et

809 4172 987 4260 quod
1053 4170 1214 4235 anni
1281 4166 1546 4255 praefati
1621 4164 1949 4229 sufficiant
2008 4164 2103 4229 eis
2177 4185 2299 4251 pro
2361 4163 2760 4229 admissione
2824 4161 2913 4229 ad

809 4276 1131 4341 lecturam
1172 4271 1329 4337 libri
1373 4268 1874 4335 sententiarum.

903 4495 954 4561 I
952 4500 1098 4572 tem,
1156 4511 1306 4558 cum
1363 4491 1531 4557 alias
1594 4488 1893 4554 oblatum
1955 4491 2126 4552 esset
2188 4508 2269 4552 ex
2336 4491 2523 4573 parte
2588 4485 2915 4551 dictorum

815 4597 1261 4685 religiosorum
1309 4590 1782 4670 Universitati,
1828 4589 2003 4689 guod
2064 4590 2121 4653 si
2168 4588 2594 4653 Universitas
2652 4609 2770 4675 per
2814 4610 2920 4653 or-

818 4700 1228 4768 dinationem
1273 4696 1660 4783 dignaretur
1723 4692 2091 4778 regentiam
2137 4690 2210 4757 in
2268 4690 2528 4757 artibus
2582 4688 2664 4755 de
2708 4689 2921 4755 forma
