3466 5635
779 773 968 822 mum
1013 767 1478 824 owenhusen
1523 769 1608 818 nr
1653 763 2232 818 paoem-rosum,
2431 747 2555 813 :391

457 944 645 1030 juret
689 943 866 1030 quod
893 948 1123 1030 postea
1151 962 1288 1007 non
1331 944 1620 1028 opponet
1663 938 1739 1004 in
1784 939 2135 1025 theologia,
2188 937 2448 1024 publice
2497 941 2566 1002 et

467 1047 546 1113 in.
591 1046 854 1125 scholis,
901 1046 980 1112 in
1005 1049 1205 1112 'statu
1245 1043 1502 1110 minore
1545 1039 1789 1128 quam,1
1840 1047 2060 1108 status
2108 1039 2453 1107 Bacularii
2500 1040 2573 1104 in

470 1147 714 1217 eadem.

994 1367 1338 1453 Quanam
1381 1369 1464 1436 de
1507 1370 2048 1457 opponentibus?

563 1535 614 1602 I
609 1542 757 1614 tem,
815 1535 994 1622 quod
1058 1535 1282 1601 nullus
1356 1535 1439 1601 de
1491 1538 1727 1618 ceter0,
1779 1537 1911 1602 nisi
1963 1537 2149 1625 prius
2201 1538 2275 1603 in
2320 1537 2575 1602 artibus
2600 1545 2965 1639 Studffiossgoess·

473 1639 741 1717 rexerit,
800 1638 873 1703 in
939 1637 1390 1725 disputatione
1451 1638 1728 1704 solemni
1796 1639 2102 1726 [alicujus
2162 1638 2446 1706 doctoris
2504 1638 2577 1702 in
2599 1609 2867 1750 ffiffinycr
2882 1643 2933 1688 in

478 1740 837 1829 theologia,
882 1738 1172 1828 publice]
1194 1739 1222 1778 ³
1283 1761 1610 1828 opponere
1693 1743 2147 1827 permittatur,
2214 1742 2348 1807 nisi
2394 1742 2578 1828 prius
2816 1727 2830 1740 ⁸

479 1865 695 1910 coram
729 1842 1138 1910 Cancellario
1185 1853 1251 1909 et
1297 1843 1842 1909 Procuratoribus
1873 1843 2359 1911 Universitatis
2394 1843 2580 1932 jura-

479 1950 778 2012 mentum
843 1944 1236 2031 praestiterit
1303 1945 1652 2032 corporale,
1716 1946 1893 2031 quod
1936 1945 2419 2034 philosophiam
2461 1967 2579 2034 per

479 2053 626 2115 octo
669 2069 896 2128 annos,
943 2046 1095 2112 solis
1147 2045 1610 2135 philosophicis
1654 2048 2111 2136 principaliter
2154 2049 2578 2132 intendendo,

479 2157 549 2218 et
607 2156 839 2239 postea
909 2149 1308 2238 theologiam
1396 2171 1514 2238 per
1589 2170 1708 2215 sex
1782 2171 1993 2217 annos
2067 2151 2427 2240 completos
2493 2152 2578 2216 ad

477 2253 698 2320 minus
743 2251 1047 2330 audierit,
1099 2273 1212 2317 seu
1267 2251 1515 2339 partim
1566 2252 1858 2318 audierit
1910 2263 1981 2318 et
2027 2253 2274 2339 partim
2325 2251 2579 2339 legerit,

480 2378 598 2445 per
623 2355 916 2445 spatium
943 2354 1259 2441 temporis
1303 2354 1707 2442 supradicti:
1759 2355 1845 2421 ad
1890 2355 2153 2422 fidelem
2196 2377 2353 2422 vero
2384 2355 2582 2441 hujus

487 2458 734 2526 statuti
801 2457 1392 2538 conservationem,
1461 2457 1775 2523 noverint
1846 2457 2145 2525 doctores
2188 2459 2262 2523 in
2331 2458 2584 2525 theolo—

482 2561 594 2649 gia
637 2561 967 2648 Regentes
1010 2581 1078 2625 se
1122 2559 1262 2626 fore
1305 2559 1676 2648 specialiter
1707 2559 2046 2647 obligatos,

579 2718 751 2799 Quia
815 2738 998 2796 vero,
1056 2720 1308 2804 quanto
1371 2717 1737 2804 theologiae,
1802 2718 1908 2784 cui
1976 2724 2211 2787 ceterae
2287 2721 2586 2788 scientiae
2748 2731 2816 2780 A.
2847 2733 2955 2778 100.

485 2822 908 2897 famulantur,
1000 2820 1343 2888 sublimior
1408 2826 1509 2886 est
1571 2822 1948 2901 auctoritas,
2022 2828 2213 2890 tanto
2274 2826 2585 2912 majorem
2746 2798 2809 2917 g:
2828 2798 2916 2915 ἴ·

486 2924 780 2991 scientiae
824 2928 893 2989 et
936 2923 1282 3010 sapientise
1327 2922 1846 3010 profunditatem
1900 2925 1972 2990 in
2022 2928 2126 2991 sui
2174 2927 2441 2994 doctore
2490 2950 2590 2993 re-
2613 2947 2713 2991 mho
2728 2945 2908 2991 studies

489 3024 740 3114 quirit‚⁴
771 3034 841 3092 et
871 3047 945 3091 eo
975 3025 1187 3113 magis
1225 3046 1482 3089 morum
1513 3048 1587 3091 ac
1615 3026 1908 3093 scientiae
1939 3025 2232 3094 defectus
2262 3029 2587 3111 abhorret,
2612 2995 3023 3093 ffiffffl

491 3136 828 3197 statutum
859 3134 968 3206 est,
998 3132 1078 3193 ut
1108 3127 1222 3214 qui
1253 3128 1538 3215 incipere
1567 3127 1641 3191 in
1686 3128 2019 3216 theologia
2046 3133 2374 3218 proponit,
2404 3138 2590 3199 ante-
2614 3099 2723 3143 ‘¹¹⁰⁰
2740 3110 2841 3150 οὗ

492 3254 691 3318 quam
735 3230 1030 3317 incipiat,
1091 3228 1315 3294 omnia
1358 3228 1697 3316 praemissa.
1756 3229 2180 3298 laudabiliter
2224 3236 2593 3322 complesse,

489 3333 764 3400 bibliam
795 3331 1035 3399 biblice
1064 3352 1180 3418 per
1209 3330 1572 3396 triennium
1603 3331 1880 3411 audisse,
1904 3334 2161 3419 publice
2188 3337 2594 3422 praedicasse,

495 3458 572 3503 ac
613 3436 900 3522 aliquem
942 3432 1189 3499 librum
1237 3432 1318 3497 de
1363 3454 1612 3499 canone
1655 3434 1883 3501 bibliae
1928 3436 2178 3523 legisse,
2224 3445 2334 3504 teu
2344 3438 2578 3505 eatur?

587 3599 746 3665 Post
789 3599 1106 3664 lecturam
1156 3598 1426 3683 insuper
1469 3595 1624 3663 libri
1688 3599 2194 3680 sententiarum,
2242 3601 2331 3666 ad
2378 3603 2598 3668 minus

497 3724 616 3791 per
656 3701 1002 3767 biennium
1029 3700 1141 3763 vel
1187 3698 1340 3779 fere,
1387 3699 1608 3767 studio
1655 3699 2037 3787 incepturus
2081 3702 2366 3781 insistat,
2412 3708 2599 3771 ante-

497 3827 696 3891 quam
742 3803 1016 3869 scandat
1063 3802 1446 3868 cathedram
1492 3804 1954 3889 magistralem.
2084 3870 2096 3887 ,

593 3970 728 4051 Qui
769 3974 994 4037 autem
1044 3968 1368 4054 praedicta
1411 3969 1857 4055 compleverit,
1910 3976 1978 4035 et
2043 3972 2471 4041 laudabiliter
2530 4000 2598 4042 se

501 4072 812 4141 habuerit
853 4071 928 4135 in
985 4069 1355 4157 praemissiS,
1423 4071 1895 4151 antecedente?
1958 4073 2315 4140 secundum
2382 4077 2601 4164 priora

499 4180 774 4255 statuta,
833 4171 1245 4259 depositione
1303 4172 1624 4239 laudabili
1673 4172 2162 4259 Magistrorum,
2210 4182 2279 4242 et
2332 4200 2409 4245 eo
2454 4180 2604 4246 dili-

577 4480 590 4510 1
616 4494 758 4543 qm
781 4478 862 4539 εει,
884 4477 950 4527 Β,
1671 4480 1690 4509 ⁴
1708 4483 1942 4545 requirat,
1964 4482 2025 4533 Β.

570 4560 593 4589 ²
615 4556 751 4607 Title
770 4556 828 4606 in
850 4555 910 4608 C.
932 4556 1070 4621 only.
1672 4574 1692 4603 ⁵
1715 4580 1916 4636 tenetur,
1931 4575 2001 4625 A.
2025 4577 2127 4627 and
2150 4579 2207 4629 C.

574 4642 596 4671 ⁸
617 4640 968 4705 Thizpaoea'ge
983 4639 1181 4697 iastom
1206 4638 1283 4703 0.,
1297 4638 1384 4689 the
1397 4638 1512 4691 MS.
1671 4668 1692 4699 ο
1711 4665 1964 4717 medente
2000 4667 2071 4718 A·

509 4723 565 4773 in
587 4720 654 4773 A.
676 4719 830 4787 being
850 4719 1128 4771 mutilated.
1964 4704 1978 4727 ’
