3466 5635
1243 1355 1988 1454 APPENDIX.

1328 1804 1801 1872 APPENDIX
1843 1808 1923 1873 A.

577 2042 884 2113 Libertas
927 2040 1105 2128 reyis
1163 2040 1245 2110 dc
1287 2040 1710 2109 observantia
1762 2038 1964 2127 pacis
2028 2042 2255 2128 quoad
2299 2042 2524 2125 laicos,
2594 2042 2677 2110 de
2822 2082 2888 2135 A.
2914 2088 2993 2136 51·

753 2144 1293 2213 incarceratione
1351 2143 1866 2229 malefactorum
1923 2142 2321 2213 clericorum
2363 2154 2424 2214 et
2468 2147 2671 2219 laico-

762 2270 942 2327 rwm,
987 2254 1046 2314 et
1090 2245 1172 2313 de
1214 2244 1460 2313 ‘multis
1503 2243 1691 2311 aliie.

668 2396 1013 2473 HenricuS‚
1044 2394 1173 2460 Dei
1217 2393 1454 2481 gratia,
1485 2415 1604 2459 rex
1635 2392 1918 2479 Angliae,
1950 2392 2257 2460 dominus
2303 2394 2667 2480 Hiberniae,
2751 2418 2885 2468 ΑΒ.
2916 2424 3054 2470 1255.

571 2500 713 2565 dux
757 2497 1144 2585 Aquitaniae
1191 2497 1310 2583 (et)
1358 2495 1428 2561 N
1429 2495 1805 2573 ormanniae,
1868 2499 1939 2561 et
1982 2517 2193 2563 comes
2238 2497 2667 2587 Andegaviae‚
2757 2486 2893 2537 ’¹⁰⁰⁰
2920 2487 3051 2538 ¹⁸³¹·

573 2601 895 2679 omnibus,
955 2600 1042 2665 ad
1109 2620 1274 2685 quos
1333 2603 1687 2686 praesentes
1731 2597 1945 2667 literae
2002 2600 2441 2685 pervenerint,
2495 2603 2671 2672 salu-

569 2710 727 2777 tem.

663 2805 904 2874 Sciatis
947 2804 1126 2893 quod
1168 2804 1254 2872 ad
1298 2826 1524 2892 pacem
1568 2809 1636 2871 et
1679 2803 2249 2892 tranquillitatem,
2292 2829 2549 2876 necnon
2598 2817 2669 2878 et

571 2909 929 2976 utilitatem
961 2907 1438 2974 Universitatis
1481 2906 1889 2974 Scholarium
1921 2907 2216 2988 Oxoniae,
2259 2912 2667 2998 providimus

574 3017 645 3077 et
689 3010 1122 3078 concessimus
1181 3008 1360 3096 quod
1417 3013 1703 3096 quatuor
1745 3009 2135 3076 Aldermani
2178 3011 2347 3079 fiant
2406 3015 2479 3080 in
2532 3015 2667 3082 Ox-

573 3113 742 3192 onia,
785 3118 854 3180 et
899 3117 1048 3179 octo
1099 3111 1182 3177 de
1234 3111 1724 3178 discretioribus
1769 3117 1839 3178 et
1899 3110 2321 3199 legalioribus
2382 3115 2667 3204 burgen-

571 3215 754 3281 sibus
821 3214 1110 3301 ejusdem
1153 3212 1334 3280 villae
1393 3214 1793 3279 associentur
1850 3213 2013 3300 ipsis
2062 3213 2501 3296 Aldermanis‚
2550 3219 2665 3304 qui

573 3339 798 3385 omnes
847 3317 1082 3403 jurent
1141 3315 1332 3380 nobis
1389 3315 1799 3395 fidelitatem,
1848 3321 1918 3381 et
1970 3315 2106 3381 sint
2166 3318 2551 3385 assistentes
2594 3326 2665 3386 et

573 3419 986 3486 consulentes
1033 3416 1272 3504 Majori
1311 3420 1380 3482 et
1411 3416 1694 3482 Ballivis
1730 3417 1979 3482 nostris
2017 3417 2296 3486 oxoniae
2323 3421 2412 3486 ad
2439 3442 2664 3509 pacem

571 3527 868 3589 nostram
910 3519 986 3584 in
1029 3519 1208 3585 dicta
1237 3517 1697 3585 Universitate
1742 3520 2274 3600 conservandam,
2304 3522 2393 3591 ad
2430 3523 2666 3590 assisas

569 3625 769 3690 dictae
811 3621 992 3688 villae
1036 3621 1514 3699 custodiendas,
1559 3626 1628 3687 et
1687 3621 1775 3687 ad
1824 3622 2321 3710 investigandos
2366 3625 2666 3696 malefac-

569 3731 745 3793 tores
774 3729 845 3791 et
873 3723 1360 3811 perturbatores
1387 3723 1565 3810 pacis
1595 3729 1855 3804 nostrae,
1886 3729 1956 3790 et
1985 3724 2415 3811 vagabundos
2451 3733 2665 3810 nocte,

571 3835 642 3897 et
689 3833 1123 3916 receptatores
1167 3826 1498 3892 latronum
1545 3830 1615 3892 et
1657 3827 2171 3906 malefactorum,
2220 3835 2291 3896 et
2334 3831 2665 3917 corporale

569 3935 887 4020 praestent
949 3934 1428 4000 sacramentum
1487 3930 1666 4015 quod
1723 3930 1948 3996 omnia
2004 3929 2322 4017 praedicta
2379 3931 2665 3999 fideliter

572 4033 1034 4101 observabunt.
1144 4032 1227 4097 In
1287 4031 1581 4119 qualibet
1631 4037 1855 4098 autem
1915 4032 2224 4119 parochia
2282 4033 2461 4100 villae
2525 4036 2662 4102 Ox-

572 4137 744 4204 oniae
793 4136 932 4202 sint
992 4134 1124 4199 duo
1181 4133 1480 4199 homines
1539 4132 1728 4199 electi
1772 4133 1859 4198 de
1902 4133 2325 4220 legalioribus
2369 4137 2661 4223 parochi-

571 4239 733 4318 anis,
765 4243 836 4304 et
869 4237 1082 4324 jurati
1111 4235 1288 4323 quod
1325 4237 1400 4300 in
1441 4235 1738 4322 qualibet
1776 4236 2112 4322 quindena
2140 4236 2479 4324 inquirent
2510 4239 2661 4305 dili-

569 4346 802 4428 genter
843 4361 930 4404 ne
981 4339 1130 4424 quis
1173 4340 1510 4424 suspectus
1553 4337 1925 4424 hospitetur
1975 4338 2047 4403 in
2094 4339 2413 4425 parochia,
2461 4346 2551 4422 et,
2604 4342 2661 4407 si

571 4443 809 4529 aliquis
875 4439 1308 4528 receptaverit
1372 4439 1658 4527 aliquem
1714 4461 1833 4526 per
1884 4444 2019 4506 tres
2078 4445 2303 4520 noctes
2347 4442 2422 4507 in
2467 4444 2659 4510 domo

573 4566 706 4620 sua,
752 4541 1143 4629 respondeat
1185 4563 1303 4629 pro
1348 4563 1439 4607 eo.

661 4644 902 4711 Nullus
966 4643 1362 4732 regratarius
1422 4648 1600 4709 emat
1659 4642 1974 4709 victualia
2039 4645 2111 4709 in
2172 4645 2334 4711 villa
2381 4646 2660 4713 Oxoniae

574 4747 682 4814 vel
727 4753 919 4814 extra
946 4767 1174 4812 versus
1218 4745 1445 4810 villam
1477 4745 1829 4822 venientia,
1859 4767 1981 4811 nec
2022 4745 2272 4832 aliquid
2318 4753 2497 4814 emat
2539 4771 2659 4815 nec
