3466 5635
915 835 1046 899 462
1228 849 1418 900 LIBRI
1465 847 1930 900 CANOELLARII
1979 849 2064 898 m·
2108 847 2685 898 PROGURATORUM.

911 1019 1078 1086 mini
1137 1021 1487 1088 millesimo
1547 1021 1999 1087 ducentesimo
2051 1021 2610 1107 quatuordecim0‚
2655 1042 2853 1107 quam
2900 1041 3019 1107 per

909 1123 1446 1212 compromissum
1491 1124 1887 1190 terminavit
1939 1123 2269 1210 quendam
2322 1123 2664 1211 episcopus
2707 1123 3018 1190 Tuscula·

909 1245 1053 1304 nus,
1083 1225 1342 1313 legatus
1369 1225 1541 1292 sedis
1570 1225 1989 1312 Apostolicae,
2019 1225 2103 1291 de
2138 1225 2327 1311 cujus
2362 1226 2788 1292 dissensionis
2816 1225 3019 1292 male-

909 1326 1076 1393 ficiis
1143 1328 1317 1393 idem
1385 1328 1531 1394 Rex
1597 1328 1756 1393 fecit
1821 1327 2369 1415 perdonationem
2434 1327 2900 1408 Universitati‚
2946 1333 3017 1394 et

911 1429 1098 1494 dedit
1141 1431 1203 1496 ei
1246 1429 1596 1517 privilegia
1640 1430 1855 1494 multa
1904 1430 1977 1494 in
2040 1429 2253 1496 causis
2315 1429 2432 1496 ubi
2493 1426 2633 1495 una
2674 1451 2827 1516 pars
2872 1435 3018 1496 erat

911 1529 1239 1596 Scholaris
1283 1552 1400 1598 seu
1442 1531 1585 1618 ejus
1643 1531 1951 1598 serviens
2045 1531 2355 1597 Secunda
2406 1538 2550 1597 erat
2594 1552 2770 1597 anno
2817 1531 3018 1618 Regis

911 1633 1228 1699 Edwardi
1272 1634 1470 1721 primi
1525 1633 1781 1700 decimo
1828 1639 2083 1712 octavo,
2115 1655 2311 1720 quam
2370 1633 2551 1699 idem
2599 1633 2747 1701 Rex
2791 1636 3017 1701 termi-

909 1737 1107 1801 navit
1151 1735 1564 1803 concedendo
1613 1736 2063 1802 Universitati
2116 1737 2481 1802 custodiam
2541 1737 2737 1824 pacis,
2800 1741 3015 1804 custo-

909 1839 1090 1902 diam
1135 1838 1354 1904 assisae
1397 1839 1813 1916 victualium,
1856 1838 2377 1925 super-visionem
2440 1859 2891 1904 mensurarum
2946 1845 3017 1904 et

911 1942 1294 2027 ponderum,
1323 1940 1728 2026 conjunctim
1774 1961 1925 2005 cum
1962 1940 2202 2028 Major-i
2232 1941 2431 2019 villae,
2461 1941 2579 2006 ubi
2624 1941 2842 2028 Major
2870 1941 3014 2006 illes

913 2042 1126 2108 solum
1178 2065 1297 2132 per
1341 2065 1410 2108 se
1453 2043 1638 2131 prius
1689 2043 1929 2109 habuit
1978 2042 2052 2107 in
2116 2043 2475 2130 municipio
2523 2043 2821 2123 Oxoniae,
2868 2065 3013 2110 cum

914 2146 1062 2212 aliis
1106 2146 1336 2213 multis
1379 2144 1763 2234 privilegiis,
1856 2145 2083 2211 Tertia
2141 2151 2285 2211 era-t
2344 2167 2522 2211 anno
2582 2147 2770 2233 regni
2818 2147 3015 2234 Regis

915 2248 1226 2314 Edwardi
1267 2248 1450 2314 tertii
1479 2249 1826 2328 tricesim0‚
1859 2248 2021 2313 satis
2066 2248 2445 2334 periculosa,
2490 2270 2693 2335 quam
2724 2250 2871 2314 Rex
2900 2271 3017 2335 per

910 2352 1444 2439 compromissum
1473 2351 1717 2428 finivit,
1738 2349 2151 2416 concedendo
2178 2351 2623 2418 Universitati
2654 2351 3011 2417 custodiam

910 2455 1090 2540 pacis
1133 2459 1272 2520 tam
1319 2453 1494 2518 inter
1559 2453 1760 2518 laicos
1804 2475 2001 2538 quam
2050 2452 2407 2531 Scholams,
2452 2453 2717 2520 excluso
2766 2452 3015 2537 Majore

911 2579 954 2622 a
997 2557 1294 2622 custodia
1329 2556 1508 2642 pacis
1551 2556 1731 2620 inter
1776 2555 2132 2621 Scholares.
2224 2555 2695 2643 Concessitque
2725 2555 3014 2621 Univer-

911 2660 1098 2724 sitati
1165 2657 1538 2724 custodiam
1589 2656 1871 2723 aliorum
1939 2657 2519 2744 praerecitatorum,
2590 2665 2660 2724 et
2720 2659 3014 2746 supervi-

913 2763 1164 2828 sionem
1197 2759 1566 2850 pavimenti
1593 2782 1712 2848 per
1756 2781 1825 2827 se
1870 2767 1938 2827 et
1981 2760 2055 2825 in
2098 2760 2396 2840 solidum,
2428 2766 2498 2828 et
2535 2761 2668 2829 alia
2696 2761 3018 2829 nonnulla.

911 2865 1261 2953 privilegia
1305 2865 1466 2930 satis
1522 2886 1782 2951 magna,
1829 2885 1979 2950 quae
2040 2863 2156 2929 alii
2202 2864 2415 2952 Reges
2467 2886 2868 2933 successores
2912 2866 3016 2931 sui

912 2975 1060 3055 post
1105 2967 1626 3059 ampliaverunt:
1675 2966 2051 3053 dictamque
2078 2967 2265 3033 litem
2295 2988 2472 3033 anno
2506 2966 2777 3033 Domini
2807 2967 3018 3034 mille-

915 3072 1080 3136 simo
1109 3070 1570 3136 trecentesimo
1601 3069 2143 3156 quinquagesimo
2162 3068 2462 3155 septimo,
2494 3069 3017 3155 praecedentibus

917 3173 1156 3259 Majori
1199 3169 1933 3249 excommunicationis,¹
1973 3172 2327 3237 interdicto
2377 3172 2515 3239 lato
2577 3172 2647 3237 in
2700 3173 3015 3258 Majorem

915 3282 983 3342 et
1027 3276 1568 3342 communitatem
1599 3274 1779 3341 villae
1825 3273 2238 3353 Oxoniensis,
2271 3273 2319 3339 J
2321 3274 2612 3341 ohannes
2657 3276 3017 3363 Episcopus

915 3378 1392 3446 Lincolniensis
1435 3377 1708 3443 sedavit.

915 3623 1014 3710 Os
1045 3622 1148 3691 the
1188 3645 1428 3711 praeeo
1427 3624 1658 3691 vatio‘n
1702 3625 1784 3711 os
1804 3623 1906 3691 the
1938 3646 2138 3710 peace
2178 3624 2454 3696 between
2496 3626 2787 3694 Now-theo·
2788 3651 2840 3694 n
2868 3628 3018 3696 ancl

1610 3726 1946 3794 Seuthem
1976 3727 2298 3796 Scholars.

1001 3878 1195 3957 Item,
1247 3882 1586 3943 statutum
1627 3883 1736 3957 est,
1783 3877 1961 3962 quod
2004 3877 2230 3943 nullus
2290 3877 2611 3966 Magister
2654 3901 2773 3946 nec
2819 3880 3017 3947 Scho-

909 3980 1071 4046 laris
1115 3980 1290 4046 inter
1319 3979 1657 4045 Australes
1703 3984 1773 4045 et
1810 3979 2117 4047 Boreales
2150 4002 2377 4068 pacem
2413 3983 2817 4048 concordiam
2826 3982 3013 4071 [que]

912 4082 1234 4171 impediat
1289 4104 1410 4148 nec
1467 4103 1805 4163 amorem3
1867 4104 2095 4170 neque,
2142 4084 2197 4147 si
2259 4105 2406 4170 quae
2470 4084 2785 4151 dissensio
2842 4086 3019 4151 inter

911 4184 1078 4266 illos,
1123 4190 1445 4271 tanquam
1487 4184 1666 4249 inter
1709 4184 2017 4251 nationes
2069 4184 2378 4265 diversas,
2427 4208 2576 4272 quae
2622 4187 2693 4251 in
2738 4189 3017 4253 veritate

913 4288 1191 4353 diversae
1237 4308 1371 4352 non
1415 4290 1595 4364 sunt,
1617 4292 1847 4353 exorta
1874 4286 2093 4369 fuerit,
2124 4286 2307 4353 illam
2338 4286 2585 4355 foveat²
2620 4290 2881 4376 penitus
2909 4290 3019 4355 vel

915 4389 1246 4468 accendat,
1275 4410 1397 4455 nec
1440 4390 1919 4456 conventiculis
1953 4390 2239 4471 intersit,
2272 4412 2391 4457 nec
2435 4391 2677 4457 eisdem
2718 4414 3021 4479 expresse

988 4658 1001 4687 ¹
1027 4654 1169 4706 Such
1191 4654 1236 4704 is
1259 4653 1348 4705 the
1369 4652 1583 4717 reading
1605 4650 1660 4701 in
1683 4652 1771 4703 the
1792 4651 1924 4709 MS„
1960 4650 1975 4677 ⁰
2081 4654 2103 4683 ²
2120 4653 2281 4719 fovet,
2304 4652 2420 4704 MS.

922 4734 1170 4801 probably
1191 4735 1278 4785 the
1299 4734 1466 4784 words
1487 4732 1669 4783 should
1689 4732 1755 4781 be
1786 4748 1920 4797 proe·

919 4814 1112 4866 cedetne
1133 4812 1356 4883 Major-is
1377 4812 1873 4863 excommunicatione.
