3466 5635
848 747 981 818 '700
1410 763 1590 814 Aci-A
1633 763 1870 816 cunm
1915 763 2392 817 mmmm

1621 1084 2166 1176 Gomfflvryatiow

494 1249 620 1315 May
640 1255 720 1302 22.
936 1241 1265 1308 Vicesimo
1324 1241 1607 1308 secundo
1674 1242 1784 1308 die
1845 1241 2087 1308 mensis
2147 1241 2486 1322 antedicti,
2551 1240 2941 1310 Wilhelmus

393 1331 823 1436 ἧᾞωῃῗω
846 1343 1129 1424 Salmon,
1183 1344 1397 1410 scriba.
1440 1344 1809 1410 communis
1849 1343 2144 1423 oxoniae,
2193 1343 2712 1426 canonioe2011m
2769 1344 2944 1410 Suffi-

393 1433 797 1538 {offidffiffl‘ss
846 1447 1049 1512 cienti
1114 1467 1393 1512 numero
1444 1450 2026 1533 compurgatorum
2087 1445 2458 1512 vicinorum
2521 1467 2807 1526 suorum,
2872 1447 2946 1512 in

394 1518 755 1641 fflffitgm
846 1547 1114 1615 ecclesia
1187 1549 1411 1614 Beatae
1486 1548 1721 1614 Mariae
1789 1547 2103 1636 Virginis,
2179 1547 2475 1627 Oxoniae,
2545 1569 2632 1612 ex
2683 1549 2944 1614 decreto

454 3402 522 3451 A.
547 3417 622 3452 aa.
646 3408 759 3453 203.

412 3492 539 3559 July
563 3499 610 3557 2,
636 3498 778 3544 1463.

848 1650 1255 1731 Cancellarii,
1302 1671 1417 1716 seu
1460 1651 1682 1716 verius
1710 1649 1854 1736 ejus
1885 1649 2338 1716 commissarii
2383 1650 2724 1738 generalis,
2752 1673 2947 1738 super

844 1777 923 1820 eo
964 1755 1295 1832 videlicet,
1326 1753 1507 1841 quod
1548 1754 1635 1820 ab
1681 1753 1939 1820 aemulis
1982 1753 2193 1841 ipsius
2237 1757 2308 1822 et
2351 1754 2730 1840 iniquitatis
2773 1754 2942 1831 filiis,

845 1877 1125 1944 quorum
1168 1856 1442 1928 nomina
1482 1855 1895 1944 ignorantur,
1941 1856 2260 1922 extiterat
2317 1856 2393 1922 in
2448 1855 2613 1922 villa.
2671 1855 2947 1924 oxoniae

846 1959 1183 2026 antedicta
1210 1957 1595 2036 defamatus,
1654 1958 1832 2045 quod
1877 1957 2144 2026 cuidam
2172 1959 2388 2026 veteri
2429 1957 2648 2045 sigillo
2692 1958 2944 2024 domini

844 2062 1055 2128 nostri
1102 2063 1279 2150 regis
1352 2060 1689 2142 Edwardi,
1751 2082 1868 2148 per
1927 2059 2254 2148 glutinem
2317 2081 2434 2128 seu
2497 2060 2632 2126 elio
2713 2061 2945 2128 illicito

845 2165 1177 2251 exquisito
1221 2164 1451 2244 colore,
1512 2185 1760 2230 novam
1819 2163 2216 2251 scripturam
2273 2163 2442 2228 falso
2518 2162 2794 2230 subdolo
2875 2168 2944 2228 et

842 2269 1148 2355 nequiter
1220 2267 1689 2354 supposuisset,
1781 2286 1898 2334 seu
1981 2265 2362 2352 hujusmodi
2437 2265 2616 2332 facto
2691 2265 2940 2332 nefario

842 2392 1049 2457 opem,
1081 2369 1445 2450 consilium,
1490 2390 1609 2436 seu
1635 2368 1933 2435 favorem
1976 2367 2404 2450 adhibuisset,
2435 2368 2627 2436 factis
2664 2368 2946 2455 publicis

840 2471 1469 2559 proclamationibus
1541 2493 1619 2536 ec
1698 2471 2181 2538 monitionibus
2261 2471 2338 2536 in
2411 2470 2595 2536 dicta
2675 2470 2944 2538 ecclesia

842 2575 1071 2641 Beatae
1118 2573 1368 2655 Mariae,
1414 2574 1490 2640 in
1550 2573 1836 2654 ecclesia,
1884 2577 1955 2640 et
2011 2573 2088 2640 in
2145 2573 2294 2642 aliis
2335 2573 2622 2642 ecclesiis
2661 2579 2736 2638 et
2785 2573 2944 2640 locis

843 2675 1341 2756 circumvicinis,
1388 2675 1568 2762 quod
1645 2698 1872 2744 omnes
1949 2682 2021 2744 et
2085 2675 2345 2764 singuli
2423 2675 2720 2744 volentes
2801 2676 2942 2762 ejus

842 2778 1301 2866 purgationem
1366 2779 1757 2866 impugnare
1822 2779 2116 2867 legitime
2183 2783 2625 2867 compareant,
2675 2783 2748 2845 et
2793 2778 2942 2845 aliis

840 2882 915 2947 in
972 2882 1099 2949 hac
1155 2886 1345 2968 parte
1401 2882 1549 2949 fieri
1592 2883 1922 2952 consuetis
1963 2882 2332 2970 perhibitis,
2379 2904 2450 2951 se
2493 2882 2818 2971 purgavit.

1002 3222 1129 3288 An
1170 3220 1427 3289 Action
1454 3220 1577 3307 for
1619 3218 1852 3287 breach
1895 3218 1975 3309 of
2007 3226 2306 3287 conto-act
2347 3218 2772 3288 withdraw.

930 3386 1232 3453 Secundo
1276 3386 1385 3451 die
1428 3386 1475 3451 J
1477 3386 1619 3463 ulu
1669 3407 1844 3451 anno
1893 3385 2287 3473 supradicte,
2303 3386 2689 3487 comparuit
2718 3407 2933 3452 coram

839 3490 1031 3555 nobis
1049 3490 1097 3555 J
1100 3490 1387 3555 ohannes
1411 3488 1659 3555 Sendal
1687 3488 1768 3552 de
1799 3466 2446 3577 Sowthhamptonef
2449 3486 2796 3575 ‘fbozoyer
2822 3489 2937 3576 qui

836 3614 1016 3679 pure,
1059 3596 1311 3679 sponte,
1341 3596 1409 3657 et
1455 3588 1773 3671 absolute,
1821 3590 1895 3655 in
1938 3590 2294 3677 praesentia.
2322 3588 2630 3678 Magistri
2659 3588 2937 3657 Walteri

836 3694 1061 3783 Hylle,
1106 3693 1382 3760 alterius
1414 3692 1866 3761 Procuratoris
1909 3692 2210 3773 Oxoniae,
2250 3694 2444 3759 cessit
2493 3692 2564 3759 et
2607 3690 2794 3759 dedit
2831 3716 2935 3759 ac-

832 3796 1087 3863 tionem
1132 3820 1339 3879 suam,
1371 3818 1571 3885 quam
1615 3791 1853 3861 habuit
1913 3798 2145 3863 contra
2175 3796 2496 3862 Th0mam
2539 3792 2812 3862 Boxwel
2856 3795 2934 3860 de

836 3898 1113 3979 Oxonia,
1142 3906 1179 3936 “
1198 3898 1509 3985 bowye‘r?
1536 3898 1788 3965 virtute
1817 3897 2158 3985 cujusdam
2187 3902 2564 3965 contractus
2585 3898 2936 3986 emptionis

834 4006 904 4069 et
968 4000 1370 4069 venditionis
1436 4021 1709 4067 arcuum
1777 4000 2247 4067 extendentem
2321 4020 2391 4067 se
2455 4000 2543 4066 ad
2609 4020 2934 4066 summam

832 4107 1095 4171 centum
1159 4104 1535 4185 solidorum,
1580 4109 1657 4170 ut
1724 4104 1918 4193 plene
1976 4108 2165 4191 patet
2204 4103 2280 4169 in
2339 4102 2630 4191 quodam
2689 4102 2932 4191 scripto

833 4204 1225 4295 obligatorio
1275 4206 1433 4275 inde
1492 4206 1812 4288 confect0,
1861 4204 2045 4293 cujus
2106 4207 2339 4272 datum
2400 4210 2503 4273 est
2559 4204 2764 4271 tertio
2826 4206 2935 4271 die

834 4310 1251 4393 Novembris,
1310 4329 1489 4377 anno
1547 4308 1723 4399 regis
1783 4308 2102 4375 Edwardi
2148 4308 2368 4397 quarti
2425 4308 2729 4390 secunde,
2787 4308 2930 4374 Ma·-

831 4415 1041 4502 gistro
1092 4412 1383 4481 Hem-ico
1434 4410 1673 4502 Sellys,
1737 4412 2060 4500 Magistro
2111 4410 2394 4479 Ricardo
2441 4410 2816 4494 Lance-ster,
2862 4412 2933 4477 et

830 4517 1083 4583 Thema
1150 4516 1365 4605 Sellys
1437 4517 1527 4584 ad
1599 4515 2049 4583 exhibitiones
2107 4537 2258 4583 suas
2289 4516 2404 4581 ·i11
2472 4510 2954 4583 Universitate'

834 4620 1130 4689 Oxoniae.
