3466 5635
837 832 1024 882 LIBRI
1071 829 1528 882 cAnanLARn
1575 833 1660 882 m·
1705 831 2280 884 Procnen-onon.
2466 817 2596 882 423

501 1014 572 1075 et
615 1007 826 1075 tribus
869 1006 1310 1096 philosophiis,
1350 1007 1743 1094 quaestiones
1777 1009 1885 1074 vel
1924 1008 2329 1096 problemata
2374 1029 2598 1074 secun-

501 1113 664 1178 dum
725 1110 1023 1192 ordinem
1069 1110 1418 1198 gradatim,
1477 1113 1598 1176 aut
1661 1109 1875 1176 solum
1936 1111 2012 1176 in
2072 1111 2311 1197 quibus
2369 1132 2597 1196 earum

503 1213 816 1281 duxerint
855 1211 1204 1301 eligendae,
1243 1217 1323 1278 ut
1359 1217 1460 1278 est
1494 1214 1692 1278 moris
1731 1235 1818 1279 ex
1859 1213 2153 1300 antiqu0‚
2195 1213 2379 1281 nullo
2422 1234 2601 1300 quse-

500 1339 642 1384 rere
678 1323 798 1383 aut
841 1316 1188 1402 subjicere¹
1229 1316 1496 1382 interim
1536 1323 1993 1403 praesumente,
2041 1338 2377 1404 quousque
2420 1317 2601 1404 prin-

502 1421 801 1508 cipaliter
842 1420 1206 1508 disputans,
1238 1442 1313 1486 ac
1353 1419 1632 1505 quilibet
1670 1420 1858 1502 aliuS,
1890 1419 1991 1487 cui
2036 1421 2247 1508 primo
2290 1419 2601 1508 replicare

503 1522 844 1601 incumbit,
890 1544 1078 1587 suam
1121 1521 1374 1609 integre
1418 1521 1911 1611 replicationem
1956 1522 2393 1609 compleverit.

592 1680 787 1760 Item,
833 1680 1244 1746 ordw'matwm
1287 1686 1394 1758 est,
1444 1680 1620 1765 quod
1665 1680 1911 1767 singuli
1958 1680 2263 1766 Magistri
2306 1685 2605 1766 regentes
2629 1697 2726 1742 'nlo
2742 1697 3054 1750 disputations

505 1787 578 1850 in
623 1782 895 1864 artibu8‚
942 1805 1061 1869 per
1121 1782 1560 1872 quadraginta
1616 1783 1756 1848 dies
1816 1783 2248 1870 disputabiles
2307 1783 2603 1870 proxime
2628 1749 3029 1852 ggffffitggstffim

505 1891 850 1972 sequentes
939 1905 1164 1950 eorum
1254 1885 1697 1972 inceptionem
1800 1886 2159 1972 disputent,
2250 1886 2604 1951 dummodo
2629 1849 3007 1994 ἷῖἓῗιὲἒῖῗιέἶῖὡ

505 1988 775 2054 aliunde
819 2009 936 2074 per
977 1988 1141 2054 alios
1199 1993 1386 2052 actus
1435 1987 1916 2054 Universitatis
1973 2011 2111 2053 non
2170 1989 2420 2054 fuerint
2480 1988 2602 2052 im·
2629 1963 2765 2004 ΨΜ)
2805 1962 2879 1995 ‘³¹¹'

505 2089 734 2178 pediti,
799 2094 866 2156 et
931 2090 1054 2155 hoc
1120 2090 1230 2156 vel
1297 2089 1592 2156 seriatim
1659 2112 1777 2177 per
1844 2091 2149 2156 ordinem
2213 2091 2286 2156 in
2352 2097 2602 2178 septem

505 2191 760 2258 artibus
817 2191 1201 2258 liberalibus
1251 2197 1322 2257 et
1367 2193 1586 2258 tribus
1643 2193 2090 2280 philosophiiS‚
2137 2216 2249 2260 seu
2310 2198 2605 2259 tantum-

507 2296 700 2388 modo
743 2297 817 2360 in
864 2295 1104 2381 quibus
1163 2295 1455 2382 ipsarum
1515 2296 1833 2361 duxerint
1877 2295 2271 2382 eligendum,
2325 2301 2405 2362 ut
2456 2296 2603 2363 hac-

505 2403 700 2464 tenus
745 2403 844 2463 est
887 2395 1356 2484 praescriptum.

508 2665 647 2732 Per
687 2671 1031 2752 quantum
1089 2670 1354 2751 tempus
1413 2665 1496 2730 M
1493 2665 1743 2752 aqister
1801 2667 2016 2754 legens
2074 2671 2605 2758 metaphysicam

963 2773 1226 2835 tenetur
1271 2767 1677 2837 continuare
1719 2769 1809 2837 in
1854 2771 2144 2859 leqenda

597 2922 649 2989 I
643 2930 794 3004 tem,
841 2923 1254 2989 ordinatum
1297 2932 1406 3003 est,
1454 2926 1632 3011 quod
1678 2927 1961 3013 quilibet
2021 2929 2341 3019 Magister
2382 2932 2605 3019 legens
2630 2961 2828 3005 nutem
2840 2959 3031 3009 ruffina

511 3026 835 3093 ordinarie
879 3026 1415 3113 metaphysicam‚
1461 3050 1605 3093 eam
1649 3029 1832 3117 legat
1875 3053 1993 3118 per
2042 3034 2399 3099 terminum
2444 3038 2605 3101 anni
2627 3011 3007 3115 ξηξιοῗοῗιᾞῖἒῧ

509 3134 579 3195 et
605 3129 922 3215 majorem
951 3134 1206 3215 partem
1235 3130 1322 3195 ad
1351 3128 1572 3194 minus
1610 3132 1883 3197 alterius
1920 3135 2187 3199 termini
2228 3138 2605 3204 immediate
2628 3113 2686 3206 1³?
2683 3112 3033 3207 ῗῖιῗιῗῗιῗίιῗ·

511 3231 861 3317 sequentis,
930 3252 1050 3296 nec
1111 3235 1315 3295 cesset
1375 3253 1416 3295 a
1473 3231 1730 3299 lectura
1788 3234 1905 3300 illa
1965 3236 2171 3303 donec
2231 3238 2416 3304 illam
2481 3240 2607 3305 rite
2632 3214 2963 3358 ἕιέιιὲοᾞῖὶ
2978 3274 3007 3307 ιι

509 3333 950 3420 compleverit,
997 3332 1129 3397 nisi
1167 3332 1242 3396 in
1285 3354 1440 3399 casu
1483 3356 1614 3420 quo
1657 3336 1855 3402 fidem
1902 3338 2127 3404 fecerit
2170 3362 2388 3407 coram
2435 3342 2609 3407 Can-
2628 3326 2687 3359 ⁸¹²
2836 3318 2900 3358 ω’

509 3435 770 3502 cellario
829 3440 904 3499 et
960 3434 1518 3517 Procuratoribus‚
1567 3437 1744 3523 quod
1802 3460 1939 3505 non
1982 3443 2229 3527 poterit
2273 3445 2607 3510 commode

512 3544 580 3603 et
623 3537 870 3623 absque
918 3536 1157 3602 damno
1217 3536 1463 3601 dictam
1523 3539 1913 3605 continuare
1970 3541 2311 3626 lecturam,
2355 3546 2428 3610 in
2473 3568 2604 3633 quo

511 3662 680 3719 casu,
745 3640 923 3706 facta
987 3638 1136 3716 fide,
1202 3660 1452 3706 cessare
1515 3643 1761 3728 poterit
1826 3643 2118 3726 licenter,
2160 3645 2317 3713 dum
2380 3652 2611 3715 tamen

511 3742 832 3830 Magister
875 3742 1044 3807 alius
1100 3763 1332 3828 regens
1389 3742 1591 3809 fuerit
1649 3746 2155 3813 continuaturus
2206 3755 2278 3817 et
2329 3753 2607 3839 comple-

509 3852 700 3911 turus
736 3844 1092 3910 lecturam:
1143 3844 1320 3929 quod
1361 3845 1417 3909 si
1463 3846 1783 3932 Magister
1822 3848 1989 3915 alius
2034 3854 2195 3917 tunc
2234 3853 2305 3917 in
2350 3876 2428 3919 ea
2470 3876 2605 3921 non

510 3947 761 4034 legerit,
806 3946 1052 4033 poterit
1105 3946 1380 4012 licenter
1437 3970 1554 4035 per
1613 3947 2053 4016 Bachilarium
2103 3953 2388 4041 aliquem
2433 3979 2606 4022 com-

510 4048 677 4137 pleri
723 4047 902 4136 quod
963 4048 1335 4115 dimittitur
1362 4050 1442 4114 de
1503 4051 1774 4131 lectura,
1822 4058 1891 4118 et
1932 4055 2188 4120 valebit
2232 4079 2348 4143 pro
2393 4059 2605 4124 forma

508 4152 582 4217 in
627 4173 782 4217 casu
826 4151 1161 4239 praemisso
1213 4152 1394 4217 dicta
1445 4154 1735 4219 cursoria
1777 4155 2043 4235 lectura,
2097 4179 2232 4224 non
2300 4160 2606 4229 obstante

511 4253 926 4320 ordinatione
978 4254 1210 4340 priore.

601 4404 652 4469 I
647 4412 796 4485 tem,
849 4403 1258 4471 ordimatum
1303 4412 1412 4483 est,
1457 4406 1661 4472 etiam
1712 4407 1795 4473 de
1841 4407 2027 4475 libris
2072 4412 2491 4499 physicorum
2536 4422 2609 4483 et

509 4506 945 4573 consimiliter
987 4506 1372 4573 ethicorum.

609 4674 782 4681 .....
861 4676 878 4682 -
1034 4678 1040 4681 .
1244 4676 1252 4681 .
1454 4676 1462 4681 ⁴
1520 4676 1576 4683 ---
1646 4678 1754 4683 --—.-.
1783 4678 1787 4681 .

1369 4779 1382 4807 ¹
1407 4775 1660 4841 subiture,
1685 4778 1748 4829 B.
