3466 5635
1313 724 1663 775 APPENDIX
1709 728 1757 773 1.
2466 712 2595 782 789

496 908 744 993 maj0ra
785 908 998 985 solito,
1041 909 1213 974 sicut
1255 910 1645 997 praedictum
1689 914 1809 989 est,
1870 910 2157 976 solveret
2197 912 2305 977 vel
2346 912 2593 979 solvere

495 1011 931 1096 promitteret,
997 1011 1120 1075 sub
1187 1032 1384 1098 poena
1447 1013 1636 1099 dupli
1697 1012 1877 1077 illius
1940 1013 2117 1099 quod
2168 1014 2261 1079 sic
2320 1015 2592 1081 solverit

493 1112 604 1177 vel
647 1113 897 1179 solvere
956 1114 1345 1199 promiserit,
1391 1115 1507 1192 illi,
1553 1115 1666 1200 qui
1710 1136 1797 1179 ex
1840 1114 1963 1181 hoc
2007 1117 2283 1181 senserit
2326 1138 2393 1181 se
2435 1140 2583 1203 gra-

492 1220 742 1295 vatum,
790 1221 861 1281 et
916 1216 1102 1281 1111110
1150 1217 1270 1282 tali
1329 1217 1594 1282 volente
1639 1218 1959 1303 prosequi,
2006 1222 2168 1283 tunc
2217 1216 2583 1305 cuicunque

491 1316 573 1383 de
629 1318 891 1405 populo,
936 1318 1051 1405 qui
1108 1317 1231 1384 hoc
1287 1324 1668 1406 prosecutus
1726 1319 1945 1397 fuerit,
1989 1320 2467 1406 applicandum,
2516 1326 2585 1387 et

491 1420 668 1505 quod
726 1420 916 1487 fieret
973 1421 1350 1507 hujusmodi
1406 1421 1775 1508 prosecutio
1818 1422 1893 1485 in
1936 1420 2117 1487 curia
2160 1422 2412 1487 domini
2454 1422 2581 1488 loci

491 1543 624 1608 quo
667 1525 822 1589 talis
866 1546 1052 1589 casus
1111 1524 1437 1603 acciderit,
1485 1528 1555 1590 et
1616 1524 1811 1609 quod,
1856 1524 1913 1589 81
1960 1522 2211 1588 domini
2269 1524 2580 1589 villarum

489 1626 597 1689 vel
641 1625 1082 1691 maneriorum
1110 1632 1338 1692 contra
1368 1626 1850 1692 ordinationem
1876 1630 2169 1691 nostram
2196 1626 2579 1712 praedictam

485 1749 606 1813 per
648 1750 718 1793 se
759 1728 870 1793 vel
903 1729 1234 1815 ministros
1273 1749 1423 1793 suos
1457 1728 1531 1792 in
1568 1728 1791 1815 aliquo
1831 1728 2059 1793 venire
2092 1734 2578 1814 praesumerent,

484 1835 648 1895 tunc
713 1831 786 1895 in
831 1830 1270 1909 comitatibus,
1322 1829 1805 1917 wapentachiis,
1869 1830 1976 1895 vel
2041 1830 2399 1918 trithingis,
2468 1833 2579 1899 vel

482 1933 628 1999 aliis
670 1934 868 1999 curiis
910 1935 1154 2000 nostris
1197 1932 1594 2019 hujusmodi,
1639 1933 1724 1997 ad
1767 1952 2033 2018 poenam
2074 1933 2264 2019 tripli
2305 1956 2423 2021 per
2467 1956 2576 2003 eos

484 2035 592 2101 vel
657 2036 995 2103 ministros
1061 2056 1211 2102 suos
1275 2037 1368 2101 sic
1433 2036 1634 2102 soluti
1695 2036 1805 2100 vel
1866 2034 2169 2123 promissi
2229 2036 2303 2101 in
2363 2035 2575 2103 forma

481 2139 801 2225 praedicta
841 2140 1030 2205 fieret
1071 2139 1440 2227 prosecutio
1485 2142 1714 2204 contra
1756 2158 1906 2218 eos3
1965 2141 2035 2202 et
2078 2138 2134 2203 si
2178 2136 2400 2204 forsan
2452 2140 2573 2205 ali·-

482 2243 647 2328 quis,
689 2248 846 2309 ante
902 2242 1386 2309 ordinationem
1447 2241 1848 2328 praedictam,
1898 2260 2049 2305 cum
2092 2240 2311 2326 aliquo
2356 2242 2439 2307 de
2481 2242 2575 2309 sic

483 2346 827 2411 serviendo
888 2367 1008 2433 pro
1075 2344 1312 2432 majori
1377 2344 1613 2410 salario
1673 2342 2073 2421 convenerit,
2116 2344 2257 2429 ipse
2315 2344 2573 2411 ratione

483 2448 679 2514 dictae
723 2449 1182 2516 conventionis
1223 2448 1309 2513 ad
1352 2446 1739 2513 solvendum
1798 2444 1977 2511 ultra
2036 2443 2106 2510 id
2168 2447 2344 2531 quod
2411 2447 2575 2513 alias

479 2550 604 2617 tali
647 2556 1037 2617 consuetum
1081 2554 1183 2617 est
1227 2549 1399 2615 solvi
1442 2548 1717 2613 minime
1761 2551 2119 2626 teneretur,
2162 2548 2367 2613 immo
2423 2549 2575 2636 plus

477 2657 729 2721 solvere
772 2656 898 2721 sub
941 2676 1140 2742 poena
1183 2652 1500 2741 praedicta
1537 2674 1672 2717 non
1714 2654 2179 2737 praesumeret:
2228 2653 2405 2737 quod
2450 2652 2574 2718 sel-

477 2759 644 2841 larii,
710 2758 1057 2846 pelletarii,
1117 2757 1403 2838 alutarii,
1463 2760 1741 2834 sutores,
1801 2756 2119 2836 missores,
2180 2753 2371 2836 fabri,
2433 2776 2570 2822 ctu·-

475 2862 777 2948 pentarii,
849 2862 1246 2939 cementarii,
1297 2859 1622 2946 tegularii,
1691 2858 2039 2938 batellarii,
2086 2858 2439 2941 carectarii,
2502 2863 2572 2926 et

475 2965 849 3052 quicunque
907 2963 1026 3030 alii
1069 2963 1354 3030 artifices
1414 2967 1484 3028 et
1543 2962 1828 3048 operarii
1891 2982 2029 3026 non
2087 2967 2391 3046 caperent
2451 2982 2571 3047 pro

472 3067 694 3134 labore
739 3073 808 3134 et
850 3065 1134 3134 artificio
1177 3089 1296 3132 suo
1341 3065 1524 3130 ultra
1564 3065 1636 3128 id
1681 3061 1861 3149 quod
1919 3063 2096 3128 dicto
2149 3084 2321 3128 anno
2373 3083 2569 3149 prox-

473 3172 610 3237 imo
673 3171 786 3238 vel
859 3171 1006 3236 aliis
1080 3168 1542 3236 communibus
1612 3165 1807 3231 annis
1878 3164 2419 3251 praecedentibus‚
2488 3170 2571 3230 ut

472 3274 926 3360 praemittitur,
981 3274 1056 3338 in
1105 3273 1262 3340 locis
1326 3269 1566 3357 quibus
1630 3269 1809 3354 ipsos
1877 3267 2135 3353 operari
2200 3268 2569 3354 contigerit,

471 3378 716 3443 talibus
789 3376 958 3442 solvi
1016 3373 1476 3453 consueverim
1541 3374 1626 3449 et,
1691 3369 1750 3435 si
1815 3369 1965 3455 quis
2025 3368 2177 3454 plus
2234 3371 2565 3456 receperit,

469 3477 664 3568 gaolo‘
721 3482 1040 3569 proximo,
1085 3479 1284 3544 modo
1329 3498 1460 3564 quo
1504 3473 1953 3563 praemittitur,
2006 3473 2565 3553 committeretur;

469 3590 538 3648 et
582 3585 787 3650 etiam
848 3585 1026 3671 quod
1085 3581 1435 3660 carnifices,
1481 3577 1845 3666 piscenarii,
1891 3575 2270 3654 hostellarii,
2314 3575 2561 3642 brasias

467 3693 660 3769 tores,
706 3688 999 3773 pistores,
1060 3683 1410 3772 pulletarii,
1458 3686 1530 3747 et
1572 3701 1797 3746 omnes
1840 3680 1956 3743 alii
1998 3677 2377 3744 venditores
2421 3678 2556 3744 vic-

465 3791 748 3856 tualium
793 3807 1330 3876 quorumcunque
1373 3787 1761 3851 tenerentur
1802 3781 2184 3868 hujusmodi
2243 3781 2561 3847 victualia

463 3894 749 3960 vendere
791 3913 909 3980 pro
952 3893 1166 3980 pretio
1209 3885 1606 3966 rationabili,
1635 3886 1871 3951 habita
1914 3883 2428 3951 consideratione
2470 3883 2559 3948 ad

462 3999 750 4084 pretium
811 4015 942 4084 quo
1007 3993 1386 4081 hujusmodi
1445 3989 1766 4057 victualia
1827 3987 1900 4052 in
1958 3988 2118 4053 locis
2175 3987 2561 4074 propinquis

460 4102 883 4182 venduntur-3
955 4097 1067 4163 Ita
1133 4097 1308 4184 quod
1379 4091 1672 4160 habeant
1736 4091 2117 4178 hujusmodi
2179 4089 2559 4156 venditores

461 4203 874 4271 moderatum
940 4203 1215 4276 lucrum,
1258 4219 1393 4265 non
1461 4196 1887 4272 excessivum,
1965 4197 2165 4281 prout
2238 4193 2561 4258 distantia

459 4308 750 4374 locorum
778 4330 820 4371 a
860 4305 1100 4391 quibus
1143 4299 1522 4389 hujusmodi
1557 4297 1880 4364 victualia
1910 4298 2245 4361 cariantur
2288 4295 2559 4360 duxerit

457 4409 938 4476 rationabiliter
979 4404 1486 4493 requirendum3
1531 4407 1601 4467 et
1667 4399 1861 4487 quod,
1916 4399 1973 4463 si
2025 4399 2174 4484 quis
2240 4395 2558 4462 victualia

456 4515 586 4580 alio
640 4513 840 4580 modo
885 4509 1282 4590 vendiderit,
1328 4514 1399 4574 et
1441 4505 1597 4572 inde
1639 4503 1976 4570 convictus
2021 4498 2241 4582 fuerit,
2271 4499 2554 4566 solveret

455 4619 731 4706 duplum
777 4615 974 4693 illius,
1023 4613 1198 4700 quod
1256 4612 1350 4678 sic
1409 4609 1747 4698 receperit,
1793 4605 2237 4684 damnificato,
2285 4605 2412 4683 vel,
2474 4603 2551 4692 111

2720 2287 2791 2339 A.
2815 2294 2893 2339 94.
