<?xml version="1.0" encoding="UTF-8"?>
<!DOCTYPE html PUBLIC "-//W3C//DTD XHTML 1.0 Transitional//EN"
    "http://www.w3.org/TR/xhtml1/DTD/xhtml1-transitional.dtd">
<html xmlns="http://www.w3.org/1999/xhtml" xml:lang="en" lang="en">
 <head>
  <title>
</title>
<meta http-equiv="Content-Type" content="text/html;charset=utf-8" />
  <meta name='ocr-system' content='tesseract 3.04.00' />
  <meta name='ocr-capabilities' content='ocr_page ocr_carea ocr_par ocr_line ocrx_word'/>
</head>
<body>
  <div class='ocr_page' id='page_1' title='image "./munimentaacadem00anstgoog_0308.png"; bbox 0 0 3466 5635; ppageno 0'>
   <div class='ocr_carea' id='block_1_1' title="bbox 1155 782 2711 874">
    <p class='ocr_par' dir='ltr' id='par_1_1' title="bbox 1155 782 2711 874">
     <span class='ocr_line' id='line_1_1' title="bbox 1155 782 2711 874; baseline 0.001 -4"><span class='ocrx_word' id='word_1_1' title='bbox 1155 819 1332 870; x_wconf 75' lang='lat' dir='ltr'><strong>AcrA</strong></span> <span class='ocrx_word' id='word_1_2' title='bbox 1360 821 1611 870; x_wconf 73' lang='lat' dir='ltr'><strong>cunm</strong></span> <span class='ocrx_word' id='word_1_3' title='bbox 1659 820 2148 872; x_wconf 74' lang='lat' dir='ltr'><strong>OANOELLARII.</strong></span> <span class='ocrx_word' id='word_1_4' title='bbox 2210 782 2225 794; x_wconf 59' lang='lat'><strong>⁹</strong></span> <span class='ocrx_word' id='word_1_5' title='bbox 2578 809 2711 874; x_wconf 82' lang='lat'><strong>663</strong></span> 
     </span>
    </p>
   </div>
   <div class='ocr_carea' id='block_1_2' title="bbox 592 1005 2725 2316">
    <p class='ocr_par' dir='ltr' id='par_1_2' title="bbox 592 1005 2721 2010">
     <span class='ocr_line' id='line_1_2' title="bbox 603 1005 2715 1086; baseline 0.001 -14"><span class='ocrx_word' id='word_1_6' title='bbox 603 1005 894 1086; x_wconf 81' lang='lat' dir='ltr'><strong>decessit,</strong></span> <span class='ocrx_word' id='word_1_7' title='bbox 960 1027 1080 1073; x_wconf 84' lang='lat' dir='ltr'><strong>vos</strong></span> <span class='ocrx_word' id='word_1_8' title='bbox 1142 1007 1710 1073; x_wconf 65' lang='lat' dir='ltr'><strong>administratores</strong></span> <span class='ocrx_word' id='word_1_9' title='bbox 1772 1007 1849 1071; x_wconf 88' lang='lat' dir='ltr'><strong>in</strong></span> <span class='ocrx_word' id='word_1_10' title='bbox 1913 1005 2105 1071; x_wconf 83' lang='lat' dir='ltr'><strong>bonis</strong></span> <span class='ocrx_word' id='word_1_11' title='bbox 2169 1006 2334 1072; x_wconf 87' lang='lat' dir='ltr'><strong>dicti</strong></span> <span class='ocrx_word' id='word_1_12' title='bbox 2416 1007 2715 1074; x_wconf 83' lang='lat' dir='ltr'><strong>defuncti</strong></span> 
     </span>
     <span class='ocr_line' id='line_1_3' title="bbox 592 1108 2717 1197; baseline 0.001 -23"><span class='ocrx_word' id='word_1_13' title='bbox 592 1108 998 1194; x_wconf 70' lang='lat' dir='ltr'><strong>deputamus</strong></span> <span class='ocrx_word' id='word_1_14' title='bbox 1057 1113 1126 1175; x_wconf 90' lang='lat' dir='ltr'><strong>et</strong></span> <span class='ocrx_word' id='word_1_15' title='bbox 1179 1109 1560 1175; x_wconf 83' lang='lat' dir='ltr'><strong>ordinamus</strong></span> <span class='ocrx_word' id='word_1_16' title='bbox 1604 1130 1723 1197; x_wconf 87' lang='lat' dir='ltr'><strong>per</strong></span> <span class='ocrx_word' id='word_1_17' title='bbox 1767 1113 2142 1196; x_wconf 69' lang='lat' dir='ltr'><strong>praesentes,</strong></span> <span class='ocrx_word' id='word_1_18' title='bbox 2187 1113 2537 1176; x_wconf 80' lang='lat' dir='ltr'><strong>onerantes</strong></span> <span class='ocrx_word' id='word_1_19' title='bbox 2594 1131 2717 1176; x_wconf 86' lang='lat' dir='ltr'><strong>vos</strong></span> 
     </span>
     <span class='ocr_line' id='line_1_4' title="bbox 601 1209 2718 1297; baseline 0.001 -22"><span class='ocrx_word' id='word_1_20' title='bbox 601 1209 856 1276; x_wconf 83' lang='lat' dir='ltr'><strong>virtute</strong></span> <span class='ocrx_word' id='word_1_21' title='bbox 903 1211 1268 1297; x_wconf 81' lang='lat' dir='ltr'><strong>juramenti</strong></span> <span class='ocrx_word' id='word_1_22' title='bbox 1335 1210 1544 1276; x_wconf 84' lang='lat' dir='ltr'><strong>vestri</strong></span> <span class='ocrx_word' id='word_1_23' title='bbox 1605 1231 1825 1275; x_wconf 80' lang='lat' dir='ltr'><strong>coram</strong></span> <span class='ocrx_word' id='word_1_24' title='bbox 1893 1211 2085 1276; x_wconf 87' lang='lat' dir='ltr'><strong>nobis</strong></span> <span class='ocrx_word' id='word_1_25' title='bbox 2134 1211 2417 1297; x_wconf 83' lang='lat' dir='ltr'><strong>praestiti</strong></span> <span class='ocrx_word' id='word_1_26' title='bbox 2476 1212 2549 1276; x_wconf 90' lang='lat' dir='ltr'><strong>in</strong></span> <span class='ocrx_word' id='word_1_27' title='bbox 2594 1212 2718 1278; x_wconf 77' lang='lat' dir='ltr'><strong>hac</strong></span> 
     </span>
     <span class='ocr_line' id='line_1_5' title="bbox 601 1311 2718 1400; baseline 0.001 -25"><span class='ocrx_word' id='word_1_28' title='bbox 601 1316 806 1398; x_wconf 83' lang='lat' dir='ltr'><strong>parte,</strong></span> <span class='ocrx_word' id='word_1_29' title='bbox 836 1317 1164 1398; x_wconf 78' lang='lat' dir='ltr'><strong>quatenus</strong></span> <span class='ocrx_word' id='word_1_30' title='bbox 1207 1313 1280 1377; x_wconf 91' lang='lat' dir='ltr'><strong>in</strong></span> <span class='ocrx_word' id='word_1_31' title='bbox 1324 1312 1516 1378; x_wconf 90' lang='lat' dir='ltr'><strong>bonis</strong></span> <span class='ocrx_word' id='word_1_32' title='bbox 1547 1311 1879 1400; x_wconf 84' lang='lat' dir='ltr'><strong>praedictis</strong></span> <span class='ocrx_word' id='word_1_33' title='bbox 1910 1312 2198 1378; x_wconf 89' lang='lat' dir='ltr'><strong>fideliter</strong></span> <span class='ocrx_word' id='word_1_34' title='bbox 2224 1313 2718 1392; x_wconf 69' lang='lat' dir='ltr'><strong>administratis,</strong></span> 
     </span>
     <span class='ocr_line' id='line_1_6' title="bbox 603 1413 2719 1484; baseline 0.002 -6"><span class='ocrx_word' id='word_1_35' title='bbox 603 1435 680 1478; x_wconf 81' lang='lat' dir='ltr'><strong>ac</strong></span> <span class='ocrx_word' id='word_1_36' title='bbox 723 1413 1178 1480; x_wconf 87' lang='lat' dir='ltr'><strong>inventorium</strong></span> <span class='ocrx_word' id='word_1_37' title='bbox 1224 1414 1522 1480; x_wconf 89' lang='lat' dir='ltr'><strong>omnium</strong></span> <span class='ocrx_word' id='word_1_38' title='bbox 1588 1415 1913 1480; x_wconf 89' lang='lat' dir='ltr'><strong>bonorum</strong></span> <span class='ocrx_word' id='word_1_39' title='bbox 1969 1414 2135 1481; x_wconf 88' lang='lat' dir='ltr'><strong>dicti</strong></span> <span class='ocrx_word' id='word_1_40' title='bbox 2180 1415 2476 1483; x_wconf 82' lang='lat' dir='ltr'><strong>defuncti</strong></span> <span class='ocrx_word' id='word_1_41' title='bbox 2522 1418 2719 1484; x_wconf 85' lang='lat' dir='ltr'><strong>confi-</strong></span> 
     </span>
     <span class='ocr_line' id='line_1_7' title="bbox 605 1515 2718 1605; baseline 0.001 -24"><span class='ocrx_word' id='word_1_42' title='bbox 605 1515 814 1594; x_wconf 83' lang='lat' dir='ltr'><strong>ciatis‚</strong></span> <span class='ocrx_word' id='word_1_43' title='bbox 859 1520 930 1582; x_wconf 87' lang='lat' dir='ltr'><strong>et</strong></span> <span class='ocrx_word' id='word_1_44' title='bbox 974 1516 1202 1582; x_wconf 80' lang='lat' dir='ltr'><strong>debita</strong></span> <span class='ocrx_word' id='word_1_45' title='bbox 1243 1517 1560 1603; x_wconf 88' lang='lat' dir='ltr'><strong>ejusdem,</strong></span> <span class='ocrx_word' id='word_1_46' title='bbox 1588 1520 1919 1602; x_wconf 83' lang='lat' dir='ltr'><strong>quatenus</strong></span> <span class='ocrx_word' id='word_1_47' title='bbox 1964 1539 2101 1583; x_wconf 86' lang='lat' dir='ltr'><strong>suae</strong></span> <span class='ocrx_word' id='word_1_48' title='bbox 2146 1522 2474 1605; x_wconf 78' lang='lat' dir='ltr'><strong>appetunt</strong></span> <span class='ocrx_word' id='word_1_49' title='bbox 2518 1517 2718 1584; x_wconf 78' lang='lat' dir='ltr'><strong>facul-</strong></span> 
     </span>
     <span class='ocr_line' id='line_1_8' title="bbox 607 1616 2721 1705; baseline 0.002 -23"><span class='ocrx_word' id='word_1_50' title='bbox 607 1620 799 1696; x_wconf 82' lang='lat' dir='ltr'><strong>tates,</strong></span> <span class='ocrx_word' id='word_1_51' title='bbox 845 1618 1252 1704; x_wconf 71' lang='lat' dir='ltr'><strong>persolvatiS,</strong></span> <span class='ocrx_word' id='word_1_52' title='bbox 1296 1616 1710 1703; x_wconf 84' lang='lat' dir='ltr'><strong>ulteriusque</strong></span> <span class='ocrx_word' id='word_1_53' title='bbox 1772 1618 2191 1704; x_wconf 83' lang='lat' dir='ltr'><strong>exequamini</strong></span> <span class='ocrx_word' id='word_1_54' title='bbox 2252 1641 2403 1705; x_wconf 85' lang='lat' dir='ltr'><strong>quae</strong></span> <span class='ocrx_word' id='word_1_55' title='bbox 2464 1619 2538 1685; x_wconf 90' lang='lat' dir='ltr'><strong>in</strong></span> <span class='ocrx_word' id='word_1_56' title='bbox 2596 1620 2721 1686; x_wconf 89' lang='lat' dir='ltr'><strong>hoc</strong></span> 
     </span>
     <span class='ocr_line' id='line_1_9' title="bbox 609 1717 2720 1805; baseline 0.001 -21"><span class='ocrx_word' id='word_1_57' title='bbox 609 1739 762 1784; x_wconf 81' lang='lat' dir='ltr'><strong>casu</strong></span> <span class='ocrx_word' id='word_1_58' title='bbox 805 1718 1056 1786; x_wconf 84' lang='lat' dir='ltr'><strong>fuerint</strong></span> <span class='ocrx_word' id='word_1_59' title='bbox 1098 1717 1504 1805; x_wconf 80' lang='lat' dir='ltr'><strong>exequenda,</strong></span> <span class='ocrx_word' id='word_1_60' title='bbox 1550 1718 1652 1784; x_wconf 86' lang='lat' dir='ltr'><strong>ita</strong></span> <span class='ocrx_word' id='word_1_61' title='bbox 1697 1719 1878 1805; x_wconf 88' lang='lat' dir='ltr'><strong>quod</strong></span> <span class='ocrx_word' id='word_1_62' title='bbox 1942 1720 2024 1785; x_wconf 93' lang='lat' dir='ltr'><strong>de</strong></span> <span class='ocrx_word' id='word_1_63' title='bbox 2086 1719 2466 1804; x_wconf 86' lang='lat' dir='ltr'><strong>hujusmodi</strong></span> <span class='ocrx_word' id='word_1_64' title='bbox 2511 1721 2720 1786; x_wconf 81' lang='lat' dir='ltr'><strong>admi-</strong></span> 
     </span>
     <span class='ocr_line' id='line_1_10' title="bbox 609 1820 2719 1908; baseline 0 -23"><span class='ocrx_word' id='word_1_65' title='bbox 609 1820 1006 1886; x_wconf 81' lang='lat' dir='ltr'><strong>nistratione</strong></span> <span class='ocrx_word' id='word_1_66' title='bbox 1036 1826 1260 1886; x_wconf 81' lang='lat' dir='ltr'><strong>vestra</strong></span> <span class='ocrx_word' id='word_1_67' title='bbox 1287 1821 1500 1900; x_wconf 69' lang='lat' dir='ltr'><strong>nobie,</strong></span> <span class='ocrx_word' id='word_1_68' title='bbox 1533 1843 1684 1886; x_wconf 89' lang='lat' dir='ltr'><strong>cum</strong></span> <span class='ocrx_word' id='word_1_69' title='bbox 1715 1843 1914 1908; x_wconf 88' lang='lat' dir='ltr'><strong>super</strong></span> <span class='ocrx_word' id='word_1_70' title='bbox 1943 1821 2066 1886; x_wconf 91' lang='lat' dir='ltr'><strong>hoc</strong></span> <span class='ocrx_word' id='word_1_71' title='bbox 2109 1820 2371 1887; x_wconf 82' lang='lat' dir='ltr'><strong>fueritis</strong></span> <span class='ocrx_word' id='word_1_72' title='bbox 2401 1822 2719 1908; x_wconf 77' lang='lat' dir='ltr'><strong>requisiti,</strong></span> 
     </span>
     <span class='ocr_line' id='line_1_11' title="bbox 611 1922 1657 2010; baseline -0.002 -22"><span class='ocrx_word' id='word_1_73' title='bbox 611 1922 876 2009; x_wconf 78' lang='lat' dir='ltr'><strong>possitis</strong></span> <span class='ocrx_word' id='word_1_74' title='bbox 919 1922 1206 1988; x_wconf 84' lang='lat' dir='ltr'><strong>fideliter</strong></span> <span class='ocrx_word' id='word_1_75' title='bbox 1250 1924 1657 2010; x_wconf 86' lang='lat' dir='ltr'><strong>respondere.</strong></span> 
     </span>
    </p>

    <p class='ocr_par' dir='ltr' id='par_1_3' title="bbox 616 2023 2725 2316">
     <span class='ocr_line' id='line_1_12' title="bbox 702 2023 2721 2110; baseline 0.001 -20"><span class='ocrx_word' id='word_1_76' title='bbox 702 2025 969 2092; x_wconf 72' lang='lat' dir='ltr'><strong>Datum</strong></span> <span class='ocrx_word' id='word_1_77' title='bbox 1016 2023 1312 2106; x_wconf 72' lang='lat' dir='ltr'><strong>Oaeowiae,</strong></span> <span class='ocrx_word' id='word_1_78' title='bbox 1345 2023 1660 2091; x_wconf 64' lang='lat' dir='ltr'><strong>vicesimo</strong></span> <span class='ocrx_word' id='word_1_79' title='bbox 1707 2030 1948 2110; x_wconf 75' lang='lat' dir='ltr'><strong>quarto</strong></span> <span class='ocrx_word' id='word_1_80' title='bbox 1995 2023 2107 2090; x_wconf 70' lang='lat' dir='ltr'><strong>die</strong></span> <span class='ocrx_word' id='word_1_81' title='bbox 2150 2025 2407 2092; x_wconf 75' lang='lat' dir='ltr'><strong>mensis</strong></span> <span class='ocrx_word' id='word_1_82' title='bbox 2436 2024 2513 2090; x_wconf 88' lang='lat' dir='ltr'><em>N</em></span> <span class='ocrx_word' id='word_1_83' title='bbox 2509 2047 2721 2092; x_wconf 81' lang='lat' dir='ltr'><strong>ovem-</strong></span> 
     </span>
     <span class='ocr_line' id='line_1_13' title="bbox 616 2125 2725 2216; baseline 0 -24"><span class='ocrx_word' id='word_1_84' title='bbox 616 2125 771 2206; x_wconf 64' lang='lat' dir='ltr'><strong>bris,</strong></span> <span class='ocrx_word' id='word_1_85' title='bbox 819 2148 1010 2193; x_wconf 71' lang='lat' dir='ltr'><strong>anno</strong></span> <span class='ocrx_word' id='word_1_86' title='bbox 1054 2125 1348 2192; x_wconf 73' lang='lat' dir='ltr'><strong>Domini</strong></span> <span class='ocrx_word' id='word_1_87' title='bbox 1391 2125 1754 2193; x_wconf 69' lang='lat' dir='ltr'><strong>millesimo</strong></span> <span class='ocrx_word' id='word_1_88' title='bbox 1800 2125 2473 2216; x_wconf 62' lang='lat' dir='ltr'><strong>quadrvhzyentesimo</strong></span> <span class='ocrx_word' id='word_1_89' title='bbox 2517 2125 2725 2214; x_wconf 70' lang='lat' dir='ltr'><strong>quin-</strong></span> 
     </span>
     <span class='ocr_line' id='line_1_14' title="bbox 617 2227 1307 2316; baseline 0 -21"><span class='ocrx_word' id='word_1_90' title='bbox 617 2228 1002 2316; x_wconf 56' lang='lat' dir='ltr'><strong>quagesimo</strong></span> <span class='ocrx_word' id='word_1_91' title='bbox 1048 2227 1307 2316; x_wconf 67' lang='lat' dir='ltr'><strong>qwbntO.</strong></span> 
     </span>
    </p>
   </div>
   <div class='ocr_carea' id='block_1_3' title="bbox 622 2518 2724 2724">
    <p class='ocr_par' dir='ltr' id='par_1_4' title="bbox 622 2518 2724 2724">
     <span class='ocr_line' id='line_1_15' title="bbox 622 2518 2724 2603; baseline 0 -15"><span class='ocrx_word' id='word_1_92' title='bbox 622 2521 1104 2590; x_wconf 64' lang='lat' dir='ltr'><strong>Inventoovzmn</strong></span> <span class='ocrx_word' id='word_1_93' title='bbox 1162 2521 1485 2590; x_wconf 74' lang='lat' dir='ltr'><strong>omnium</strong></span> <span class='ocrx_word' id='word_1_94' title='bbox 1537 2520 1871 2589; x_wconf 65' lang='lat' dir='ltr'><strong>bonoram</strong></span> <span class='ocrx_word' id='word_1_95' title='bbox 1927 2520 1987 2588; x_wconf 87' lang='lat' dir='ltr'><em>J</em></span> <span class='ocrx_word' id='word_1_96' title='bbox 1983 2518 2284 2588; x_wconf 71' lang='lat' dir='ltr'><strong>ohannis</strong></span> <span class='ocrx_word' id='word_1_97' title='bbox 2326 2521 2724 2603; x_wconf 77' lang='lat' dir='ltr'><strong>Lassehowe,</strong></span> 
     </span>
     <span class='ocr_line' id='line_1_16' title="bbox 794 2623 2548 2724; baseline 0 -33"><span class='ocrx_word' id='word_1_98' title='bbox 794 2624 1183 2724; x_wconf 55' lang='lat' dir='ltr'><strong>presbyteri,</strong></span> <span class='ocrx_word' id='word_1_99' title='bbox 1221 2623 1594 2692; x_wconf 73' lang='lat' dir='ltr'><strong>decedentis</strong></span> <span class='ocrx_word' id='word_1_100' title='bbox 1637 2623 1722 2690; x_wconf 69' lang='lat' dir='ltr'><strong>‘im</strong></span> <span class='ocrx_word' id='word_1_101' title='bbox 1767 2623 1937 2690; x_wconf 79' lang='lat' dir='ltr'><em>aula</em></span> <span class='ocrx_word' id='word_1_102' title='bbox 1986 2623 2207 2690; x_wconf 67' lang='lat' dir='ltr'><strong>Vma</strong></span> <span class='ocrx_word' id='word_1_103' title='bbox 2254 2624 2548 2691; x_wconf 73' lang='lat' dir='ltr'><strong>Ooeoniae.</strong></span> 
     </span>
    </p>
   </div>
   <div class='ocr_carea' id='block_1_4' title="bbox 627 2772 2729 2965">
    <p class='ocr_par' dir='ltr' id='par_1_5' title="bbox 627 2772 2729 2965">
     <span class='ocr_line' id='line_1_17' title="bbox 712 2772 2729 2862; baseline -0.001 -20"><span class='ocrx_word' id='word_1_104' title='bbox 712 2775 761 2842; x_wconf 92' lang='lat' dir='ltr'><strong><em>I</em></strong></span> <span class='ocrx_word' id='word_1_105' title='bbox 756 2797 812 2842; x_wconf 74' lang='lat' dir='ltr'><strong>‘n</strong></span> <span class='ocrx_word' id='word_1_106' title='bbox 852 2773 1134 2862; x_wconf 51' lang='lat' dir='ltr'><strong>primic,</strong></span> <span class='ocrx_word' id='word_1_107' title='bbox 1193 2795 1401 2841; x_wconf 90' lang='lat' dir='ltr'><strong>unum</strong></span> <span class='ocrx_word' id='word_1_108' title='bbox 1445 2773 1867 2861; x_wconf 89' lang='lat' dir='ltr'><strong>portiforium</strong></span> <span class='ocrx_word' id='word_1_109' title='bbox 1910 2773 1983 2839; x_wconf 90' lang='lat' dir='ltr'><strong>in</strong></span> <span class='ocrx_word' id='word_1_110' title='bbox 2044 2774 2343 2841; x_wconf 78' lang='lat' dir='ltr'><strong>custodia</strong></span> <span class='ocrx_word' id='word_1_111' title='bbox 2400 2774 2447 2840; x_wconf 89' lang='lat' dir='ltr'><strong>J</strong></span> <span class='ocrx_word' id='word_1_112' title='bbox 2450 2772 2729 2842; x_wconf 79' lang='lat' dir='ltr'><strong>ohannis</strong></span> 
     </span>
     <span class='ocr_line' id='line_1_18' title="bbox 627 2877 1460 2965; baseline -0.002 -22"><span class='ocrx_word' id='word_1_113' title='bbox 627 2877 896 2943; x_wconf 81' lang='lat' dir='ltr'><strong>Lancok</strong></span> <span class='ocrx_word' id='word_1_114' title='bbox 939 2877 1231 2965; x_wconf 86' lang='lat' dir='ltr'><strong>ejusdem</strong></span> <span class='ocrx_word' id='word_1_115' title='bbox 1276 2878 1460 2943; x_wconf 78' lang='lat' dir='ltr'><strong>aulae.</strong></span> 
     </span>
    </p>
   </div>
   <div class='ocr_carea' id='block_1_5' title="bbox 627 2976 2746 4697">
    <p class='ocr_par' dir='ltr' id='par_1_6' title="bbox 627 2976 2733 3167">
     <span class='ocr_line' id='line_1_19' title="bbox 715 2976 2733 3066; baseline -0 -22"><span class='ocrx_word' id='word_1_116' title='bbox 715 2978 766 3044; x_wconf 91' lang='lat' dir='ltr'><em>I</em></span> <span class='ocrx_word' id='word_1_117' title='bbox 764 2987 909 3059; x_wconf 76' lang='lat' dir='ltr'><strong>tem,</strong></span> <span class='ocrx_word' id='word_1_118' title='bbox 974 2980 1171 3045; x_wconf 88' lang='lat' dir='ltr'><strong>Liber</strong></span> <span class='ocrx_word' id='word_1_119' title='bbox 1235 2977 1751 3066; x_wconf 78' lang='lat' dir='ltr'><strong>grammaticalis</strong></span> <span class='ocrx_word' id='word_1_120' title='bbox 1819 2976 2231 3065; x_wconf 83' lang='lat' dir='ltr'><strong>Ugucianus,</strong></span> <span class='ocrx_word' id='word_1_121' title='bbox 2299 2979 2373 3043; x_wconf 89' lang='lat' dir='ltr'><strong>in</strong></span> <span class='ocrx_word' id='word_1_122' title='bbox 2430 2978 2733 3044; x_wconf 83' lang='lat' dir='ltr'><strong>custodia</strong></span> 
     </span>
     <span class='ocr_line' id='line_1_20' title="bbox 627 3081 1312 3167; baseline 0 -20"><span class='ocrx_word' id='word_1_123' title='bbox 627 3082 922 3167; x_wconf 85' lang='lat' dir='ltr'><strong>ejusdem</strong></span> <span class='ocrx_word' id='word_1_124' title='bbox 965 3081 1012 3146; x_wconf 90' lang='lat' dir='ltr'><strong>J</strong></span> <span class='ocrx_word' id='word_1_125' title='bbox 1016 3081 1312 3147; x_wconf 79' lang='lat' dir='ltr'><strong>ohannis,</strong></span> 
     </span>
    </p>

    <p class='ocr_par' dir='ltr' id='par_1_7' title="bbox 631 3180 2731 3371">
     <span class='ocr_line' id='line_1_21' title="bbox 718 3180 2731 3267; baseline 0 -20"><span class='ocrx_word' id='word_1_126' title='bbox 718 3182 769 3247; x_wconf 94' lang='lat' dir='ltr'><em>I</em></span> <span class='ocrx_word' id='word_1_127' title='bbox 765 3189 912 3261; x_wconf 71' lang='lat' dir='ltr'><strong>tm,</strong></span> <span class='ocrx_word' id='word_1_128' title='bbox 960 3182 1160 3248; x_wconf 88' lang='lat' dir='ltr'><strong>Liber</strong></span> <span class='ocrx_word' id='word_1_129' title='bbox 1205 3186 1478 3249; x_wconf 79' lang='lat' dir='ltr'><strong>vocatus</strong></span> <span class='ocrx_word' id='word_1_130' title='bbox 1547 3188 1586 3217; x_wconf 91' lang='lat'><strong>“</strong></span> <span class='ocrx_word' id='word_1_131' title='bbox 1614 3180 2053 3267; x_wconf 57' lang='lat' dir='ltr'><strong>oham-tuam?</strong></span> <span class='ocrx_word' id='word_1_132' title='bbox 2099 3204 2237 3247; x_wconf 81' lang='lat' dir='ltr'><strong>una</strong></span> <span class='ocrx_word' id='word_1_133' title='bbox 2306 3190 2339 3218; x_wconf 92' lang='lat'><strong>“</strong></span> <span class='ocrx_word' id='word_1_134' title='bbox 2366 3180 2731 3261; x_wconf 52' lang='lat' dir='ltr'><strong>baalam-de?</strong></span> 
     </span>
     <span class='ocr_line' id='line_1_22' title="bbox 631 3282 2658 3371; baseline -0.001 -20"><span class='ocrx_word' id='word_1_135' title='bbox 631 3290 702 3351; x_wconf 87' lang='lat' dir='ltr'><strong>et</strong></span> <span class='ocrx_word' id='word_1_136' title='bbox 745 3305 954 3349; x_wconf 87' lang='lat' dir='ltr'><strong>unum</strong></span> <span class='ocrx_word' id='word_1_137' title='bbox 998 3306 1118 3371; x_wconf 82' lang='lat' dir='ltr'><strong>par</strong></span> <span class='ocrx_word' id='word_1_138' title='bbox 1163 3284 1597 3361; x_wconf 86' lang='lat' dir='ltr'><strong>cultellorum,</strong></span> <span class='ocrx_word' id='word_1_139' title='bbox 1642 3283 1717 3348; x_wconf 91' lang='lat' dir='ltr'><strong>in</strong></span> <span class='ocrx_word' id='word_1_140' title='bbox 1761 3282 2065 3349; x_wconf 83' lang='lat' dir='ltr'><strong>custodia</strong></span> <span class='ocrx_word' id='word_1_141' title='bbox 2108 3283 2272 3349; x_wconf 87' lang='lat' dir='ltr'><strong>dicti</strong></span> <span class='ocrx_word' id='word_1_142' title='bbox 2315 3283 2363 3348; x_wconf 83' lang='lat' dir='ltr'><strong>J</strong></span> <span class='ocrx_word' id='word_1_143' title='bbox 2366 3282 2658 3349; x_wconf 65' lang='lat' dir='ltr'><strong>ohannis</strong></span> 
     </span>
    </p>

    <p class='ocr_par' dir='ltr' id='par_1_8' title="bbox 721 3383 2217 3473">
     <span class='ocr_line' id='line_1_23' title="bbox 721 3383 2217 3473; baseline -0.001 -22"><span class='ocrx_word' id='word_1_144' title='bbox 721 3386 912 3465; x_wconf 80' lang='lat' dir='ltr'><strong>Item,</strong></span> <span class='ocrx_word' id='word_1_145' title='bbox 958 3386 1158 3451; x_wconf 89' lang='lat' dir='ltr'><strong>Liber</strong></span> <span class='ocrx_word' id='word_1_146' title='bbox 1200 3392 1236 3421; x_wconf 92' lang='lat'><strong><em>“</em></strong></span> <span class='ocrx_word' id='word_1_147' title='bbox 1255 3386 1767 3473; x_wconf 82' lang='lat' dir='ltr'><strong>Sequentiarum</strong></span> <span class='ocrx_word' id='word_1_148' title='bbox 1790 3383 1823 3411; x_wconf 90' lang='lat'><strong>&#39;&#39;</strong></span> <span class='ocrx_word' id='word_1_149' title='bbox 1870 3384 2217 3472; x_wconf 77' lang='lat' dir='ltr'><strong>glossatus.</strong></span> 
     </span>
    </p>

    <p class='ocr_par' dir='ltr' id='par_1_9' title="bbox 720 3485 2325 3573">
     <span class='ocr_line' id='line_1_24' title="bbox 720 3485 2325 3573; baseline -0.003 -19"><span class='ocrx_word' id='word_1_150' title='bbox 720 3488 912 3565; x_wconf 80' lang='lat' dir='ltr'><strong>Item,</strong></span> <span class='ocrx_word' id='word_1_151' title='bbox 959 3488 1155 3555; x_wconf 88' lang='lat' dir='ltr'><strong>Liber</strong></span> <span class='ocrx_word' id='word_1_152' title='bbox 1198 3510 1577 3555; x_wconf 74' lang='lat' dir='ltr'><strong>sermonum</strong></span> <span class='ocrx_word' id='word_1_153' title='bbox 1623 3485 1908 3573; x_wconf 82' lang='lat' dir='ltr'><strong>scriptus</strong></span> <span class='ocrx_word' id='word_1_154' title='bbox 1950 3486 2025 3551; x_wconf 91' lang='lat' dir='ltr'><strong>in</strong></span> <span class='ocrx_word' id='word_1_155' title='bbox 2068 3487 2325 3573; x_wconf 85' lang='lat' dir='ltr'><strong>papiro.</strong></span> 
     </span>
    </p>

    <p class='ocr_par' dir='ltr' id='par_1_10' title="bbox 722 3586 2355 3675">
     <span class='ocr_line' id='line_1_25' title="bbox 722 3586 2355 3675; baseline -0.002 -20"><span class='ocrx_word' id='word_1_156' title='bbox 722 3589 914 3670; x_wconf 82' lang='lat' dir='ltr'><strong>Item,</strong></span> <span class='ocrx_word' id='word_1_157' title='bbox 961 3588 1161 3656; x_wconf 85' lang='lat' dir='ltr'><strong>Liber</strong></span> <span class='ocrx_word' id='word_1_158' title='bbox 1205 3596 1244 3626; x_wconf 91' lang='lat'><strong>“</strong></span> <span class='ocrx_word' id='word_1_159' title='bbox 1263 3589 1367 3655; x_wconf 89' lang='lat' dir='ltr'><strong>De</strong></span> <span class='ocrx_word' id='word_1_160' title='bbox 1412 3589 1656 3675; x_wconf 86' lang='lat' dir='ltr'><strong>regulis</strong></span> <span class='ocrx_word' id='word_1_161' title='bbox 1699 3586 2355 3675; x_wconf 77' lang='lat' dir='ltr'><strong>grammaticalibus,”</strong></span> 
     </span>
    </p>

    <p class='ocr_par' dir='ltr' id='par_1_11' title="bbox 633 3688 2740 3981">
     <span class='ocr_line' id='line_1_26' title="bbox 721 3688 2735 3778; baseline -0.001 -21"><span class='ocrx_word' id='word_1_162' title='bbox 721 3691 911 3770; x_wconf 78' lang='lat' dir='ltr'><strong>Item,</strong></span> <span class='ocrx_word' id='word_1_163' title='bbox 955 3692 1236 3778; x_wconf 83' lang='lat' dir='ltr'><strong>pecunia</strong></span> <span class='ocrx_word' id='word_1_164' title='bbox 1300 3692 1374 3755; x_wconf 88' lang='lat' dir='ltr'><strong>in</strong></span> <span class='ocrx_word' id='word_1_165' title='bbox 1439 3691 1747 3756; x_wconf 81' lang='lat' dir='ltr'><strong>manibus</strong></span> <span class='ocrx_word' id='word_1_166' title='bbox 1802 3690 2108 3776; x_wconf 78' lang='lat' dir='ltr'><strong>Magistri</strong></span> <span class='ocrx_word' id='word_1_167' title='bbox 2156 3689 2424 3776; x_wconf 85' lang='lat' dir='ltr'><strong>Georgii</strong></span> <span class='ocrx_word' id='word_1_168' title='bbox 2468 3688 2735 3769; x_wconf 85' lang='lat' dir='ltr'><strong>ffeddes,</strong></span> 
     </span>
     <span class='ocr_line' id='line_1_27' title="bbox 633 3789 2740 3879; baseline -0.001 -20"><span class='ocrx_word' id='word_1_169' title='bbox 633 3793 812 3859; x_wconf 81' lang='lat' dir='ltr'><strong>ultra</strong></span> <span class='ocrx_word' id='word_1_170' title='bbox 855 3793 1266 3858; x_wconf 81' lang='lat' dir='ltr'><strong>omnimodas</strong></span> <span class='ocrx_word' id='word_1_171' title='bbox 1310 3814 1628 3879; x_wconf 81' lang='lat' dir='ltr'><strong>expensas</strong></span> <span class='ocrx_word' id='word_1_172' title='bbox 1673 3814 1837 3877; x_wconf 82' lang='lat' dir='ltr'><strong>quas</strong></span> <span class='ocrx_word' id='word_1_173' title='bbox 1866 3790 2023 3857; x_wconf 88' lang='lat' dir='ltr'><strong>fecit</strong></span> <span class='ocrx_word' id='word_1_174' title='bbox 2053 3790 2221 3855; x_wconf 72' lang='lat' dir='ltr'><strong>circa,</strong></span> <span class='ocrx_word' id='word_1_175' title='bbox 2249 3789 2587 3870; x_wconf 71' lang='lat' dir='ltr'><strong>funeralis,</strong></span> <span class='ocrx_word' id='word_1_176' title='bbox 2621 3795 2740 3856; x_wconf 87' lang='lat' dir='ltr'><strong>aut</strong></span> 
     </span>
     <span class='ocr_line' id='line_1_28' title="bbox 635 3891 2710 3981; baseline -0.001 -20"><span class='ocrx_word' id='word_1_177' title='bbox 635 3896 797 3962; x_wconf 78' lang='lat' dir='ltr'><strong>alias</strong></span> <span class='ocrx_word' id='word_1_178' title='bbox 841 3916 1158 3981; x_wconf 79' lang='lat' dir='ltr'><strong>expensas</strong></span> <span class='ocrx_word' id='word_1_179' title='bbox 1203 3915 1642 3980; x_wconf 84' lang='lat' dir='ltr'><strong>quascunque,</strong></span> <span class='ocrx_word' id='word_1_180' title='bbox 1690 3893 1855 3958; x_wconf 89' lang='lat' dir='ltr'><strong>duos</strong></span> <span class='ocrx_word' id='word_1_181' title='bbox 1900 3892 2139 3957; x_wconf 86' lang='lat' dir='ltr'><strong>solidos</strong></span> <span class='ocrx_word' id='word_1_182' title='bbox 2183 3891 2347 3956; x_wconf 86' lang='lat' dir='ltr'><strong>duos</strong></span> <span class='ocrx_word' id='word_1_183' title='bbox 2392 3891 2710 3958; x_wconf 71' lang='lat' dir='ltr'><strong>denarios</strong></span> 
     </span>
    </p>

    <p class='ocr_par' dir='ltr' id='par_1_12' title="bbox 639 3992 2742 4390">
     <span class='ocr_line' id='line_1_29' title="bbox 725 3992 2741 4081; baseline -0.001 -19"><span class='ocrx_word' id='word_1_184' title='bbox 725 3996 918 4075; x_wconf 78' lang='lat' dir='ltr'><strong>Item,</strong></span> <span class='ocrx_word' id='word_1_185' title='bbox 986 4017 1194 4060; x_wconf 87' lang='lat' dir='ltr'><strong>unum</strong></span> <span class='ocrx_word' id='word_1_186' title='bbox 1249 3995 1578 4061; x_wconf 81' lang='lat' dir='ltr'><strong>cochleare</strong></span> <span class='ocrx_word' id='word_1_187' title='bbox 1626 3998 2012 4081; x_wconf 80' lang='lat' dir='ltr'><strong>argenteum</strong></span> <span class='ocrx_word' id='word_1_188' title='bbox 2058 3994 2433 4080; x_wconf 83' lang='lat' dir='ltr'><strong>ponderans</strong></span> <span class='ocrx_word' id='word_1_189' title='bbox 2493 3992 2741 4080; x_wconf 86' lang='lat' dir='ltr'><strong>viginti</strong></span> 
     </span>
     <span class='ocr_line' id='line_1_30' title="bbox 640 4094 2742 4183; baseline -0.001 -19"><span class='ocrx_word' id='word_1_190' title='bbox 640 4100 804 4165; x_wconf 88' lang='lat' dir='ltr'><strong>duos</strong></span> <span class='ocrx_word' id='word_1_191' title='bbox 849 4098 1166 4177; x_wconf 84' lang='lat' dir='ltr'><strong>denarios,</strong></span> <span class='ocrx_word' id='word_1_192' title='bbox 1211 4104 1282 4162; x_wconf 91' lang='lat' dir='ltr'><strong>et</strong></span> <span class='ocrx_word' id='word_1_193' title='bbox 1329 4119 1538 4163; x_wconf 91' lang='lat' dir='ltr'><strong>unum</strong></span> <span class='ocrx_word' id='word_1_194' title='bbox 1595 4118 1716 4183; x_wconf 83' lang='lat' dir='ltr'><strong>par</strong></span> <span class='ocrx_word' id='word_1_195' title='bbox 1775 4095 2186 4181; x_wconf 83' lang='lat' dir='ltr'><strong>precularum</strong></span> <span class='ocrx_word' id='word_1_196' title='bbox 2235 4096 2317 4160; x_wconf 90' lang='lat' dir='ltr'><strong>de</strong></span> <span class='ocrx_word' id='word_1_197' title='bbox 2366 4100 2403 4129; x_wconf 92' lang='lat'><strong>“</strong></span> <span class='ocrx_word' id='word_1_198' title='bbox 2423 4094 2609 4181; x_wconf 52' lang='grc' dir='ltr'><strong>μᾶζ’</strong></span> <span class='ocrx_word' id='word_1_199' title='bbox 2672 4100 2742 4162; x_wconf 87' lang='lat' dir='ltr'><strong>et</strong></span> 
     </span>
     <span class='ocr_line' id='line_1_31' title="bbox 639 4190 2739 4283; baseline -0.002 -17"><span class='ocrx_word' id='word_1_200' title='bbox 639 4222 774 4266; x_wconf 87' lang='lat' dir='ltr'><strong>una</strong></span> <span class='ocrx_word' id='word_1_201' title='bbox 817 4200 1016 4265; x_wconf 85' lang='lat' dir='ltr'><strong>bursa</strong></span> <span class='ocrx_word' id='word_1_202' title='bbox 1060 4190 1212 4265; x_wconf 82' lang='lat' dir='ltr'><strong>cum</strong></span> <span class='ocrx_word' id='word_1_203' title='bbox 1255 4220 1389 4264; x_wconf 89' lang='lat' dir='ltr'><strong>uno</strong></span> <span class='ocrx_word' id='word_1_204' title='bbox 1435 4196 1721 4265; x_wconf 63' lang='lat' dir='ltr'><strong>“diota&#39;&#39;</strong></span> <span class='ocrx_word' id='word_1_205' title='bbox 1767 4198 1848 4263; x_wconf 90' lang='lat' dir='ltr'><strong>de</strong></span> <span class='ocrx_word' id='word_1_206' title='bbox 1892 4197 2092 4282; x_wconf 88' lang='lat' dir='ltr'><strong>lign0‚</strong></span> <span class='ocrx_word' id='word_1_207' title='bbox 2125 4196 2200 4260; x_wconf 92' lang='lat' dir='ltr'><strong>in</strong></span> <span class='ocrx_word' id='word_1_208' title='bbox 2237 4196 2538 4261; x_wconf 81' lang='lat' dir='ltr'><strong>custodia</strong></span> <span class='ocrx_word' id='word_1_209' title='bbox 2568 4196 2739 4283; x_wconf 86' lang='lat' dir='ltr'><strong>ejus-</strong></span> 
     </span>
     <span class='ocr_line' id='line_1_32' title="bbox 641 4302 1120 4390; baseline -0.004 -21"><span class='ocrx_word' id='word_1_210' title='bbox 641 4304 792 4369; x_wconf 90' lang='lat' dir='ltr'><strong>dem</strong></span> <span class='ocrx_word' id='word_1_211' title='bbox 838 4302 1120 4390; x_wconf 81' lang='lat' dir='ltr'><strong>Georgii.</strong></span> 
     </span>
    </p>

    <p class='ocr_par' dir='ltr' id='par_1_13' title="bbox 639 4400 2746 4697">
     <span class='ocr_line' id='line_1_33' title="bbox 731 4400 2743 4488; baseline -0.001 -18"><span class='ocrx_word' id='word_1_212' title='bbox 731 4405 923 4482; x_wconf 79' lang='lat' dir='ltr'><strong>Item,</strong></span> <span class='ocrx_word' id='word_1_213' title='bbox 937 4404 985 4488; x_wconf 90' lang='lat' dir='ltr'><strong>j.</strong></span> <span class='ocrx_word' id='word_1_214' title='bbox 1015 4407 1387 4480; x_wconf 84' lang='lat' dir='ltr'><strong>materesse,</strong></span> <span class='ocrx_word' id='word_1_215' title='bbox 1404 4402 1454 4488; x_wconf 89' lang='lat' dir='ltr'><strong>j.</strong></span> <span class='ocrx_word' id='word_1_216' title='bbox 1485 4401 1755 4481; x_wconf 85' lang='lat' dir='ltr'><strong>bolster‚</strong></span> <span class='ocrx_word' id='word_1_217' title='bbox 1771 4400 1821 4487; x_wconf 89' lang='lat' dir='ltr'><strong>j.</strong></span> <span class='ocrx_word' id='word_1_218' title='bbox 1852 4400 2109 4487; x_wconf 85' lang='lat' dir='ltr'><strong>pilowe,</strong></span> <span class='ocrx_word' id='word_1_219' title='bbox 2135 4400 2200 4485; x_wconf 88' lang='lat' dir='ltr'><strong>ij.</strong></span> <span class='ocrx_word' id='word_1_220' title='bbox 2233 4424 2438 4488; x_wconf 83' lang='lat' dir='ltr'><strong>payre</strong></span> <span class='ocrx_word' id='word_1_221' title='bbox 2482 4401 2560 4467; x_wconf 89' lang='lat' dir='ltr'><strong>of</strong></span> <span class='ocrx_word' id='word_1_222' title='bbox 2595 4402 2743 4468; x_wconf 86' lang='lat' dir='ltr'><strong>olde</strong></span> 
     </span>
     <span class='ocr_line' id='line_1_34' title="bbox 639 4502 2746 4591; baseline -0.002 -18"><span class='ocrx_word' id='word_1_223' title='bbox 639 4508 945 4585; x_wconf 77' lang='lat' dir='ltr'><strong>schetee8‚</strong></span> <span class='ocrx_word' id='word_1_224' title='bbox 994 4506 1058 4591; x_wconf 89' lang='lat' dir='ltr'><strong>ij.</strong></span> <span class='ocrx_word' id='word_1_225' title='bbox 1108 4504 1505 4581; x_wconf 80' lang='lat' dir='ltr'><strong>blanketteS,</strong></span> <span class='ocrx_word' id='word_1_226' title='bbox 1541 4502 1590 4590; x_wconf 89' lang='lat' dir='ltr'><strong>j.</strong></span> <span class='ocrx_word' id='word_1_227' title='bbox 1624 4504 1774 4568; x_wconf 89' lang='lat' dir='ltr'><strong>olde</strong></span> <span class='ocrx_word' id='word_1_228' title='bbox 1820 4502 2015 4591; x_wconf 86' lang='lat' dir='ltr'><strong>paled</strong></span> <span class='ocrx_word' id='word_1_229' title='bbox 2053 4502 2316 4590; x_wconf 86' lang='lat' dir='ltr'><strong>helyng,</strong></span> <span class='ocrx_word' id='word_1_230' title='bbox 2360 4504 2529 4569; x_wconf 86' lang='lat' dir='ltr'><strong>with</strong></span> <span class='ocrx_word' id='word_1_231' title='bbox 2576 4504 2746 4569; x_wconf 87' lang='lat' dir='ltr'><strong>celer</strong></span> 
     </span>
     <span class='ocr_line' id='line_1_35' title="bbox 642 4606 1504 4697; baseline -0.003 -23"><span class='ocrx_word' id='word_1_232' title='bbox 642 4610 776 4674; x_wconf 82' lang='lat' dir='ltr'><strong>and</strong></span> <span class='ocrx_word' id='word_1_233' title='bbox 821 4612 1029 4673; x_wconf 79' lang='lat' dir='ltr'><strong>tester</strong></span> <span class='ocrx_word' id='word_1_234' title='bbox 1073 4606 1150 4671; x_wconf 87' lang='lat' dir='ltr'><strong>of</strong></span> <span class='ocrx_word' id='word_1_235' title='bbox 1185 4613 1261 4697; x_wconf 71' lang='lat' dir='ltr'><strong>pe</strong></span> <span class='ocrx_word' id='word_1_236' title='bbox 1307 4627 1504 4671; x_wconf 80' lang='lat' dir='ltr'><strong>same.</strong></span> 
     </span>
    </p>
   </div>
   <div class='ocr_carea' id='block_1_6' title="bbox 723 4705 2747 4797">
    <p class='ocr_par' dir='ltr' id='par_1_14' title="bbox 723 4705 2747 4797">
     <span class='ocr_line' id='line_1_36' title="bbox 723 4705 2747 4797; baseline -0.001 -21"><span class='ocrx_word' id='word_1_237' title='bbox 723 4710 774 4797; x_wconf 89' lang='lat' dir='ltr'><strong>j.</strong></span> <span class='ocrx_word' id='word_1_238' title='bbox 804 4710 1077 4795; x_wconf 71' lang='lat' dir='ltr'><strong>Muri-ey</strong></span> <span class='ocrx_word' id='word_1_239' title='bbox 1106 4708 1314 4795; x_wconf 86' lang='lat' dir='ltr'><strong>lyned</strong></span> <span class='ocrx_word' id='word_1_240' title='bbox 1342 4730 1576 4795; x_wconf 83' lang='lat' dir='ltr'><strong>gowne</strong></span> <span class='ocrx_word' id='word_1_241' title='bbox 1607 4706 2081 4783; x_wconf 80' lang='lat' dir='ltr'><strong>bartilmewcd,</strong></span> <span class='ocrx_word' id='word_1_242' title='bbox 2102 4707 2154 4792; x_wconf 87' lang='lat' dir='ltr'><strong>j.</strong></span> <span class='ocrx_word' id='word_1_243' title='bbox 2187 4705 2487 4793; x_wconf 86' lang='lat' dir='ltr'><strong>medeley</strong></span> <span class='ocrx_word' id='word_1_244' title='bbox 2509 4729 2747 4794; x_wconf 81' lang='lat' dir='ltr'><strong>gowne</strong></span> 
     </span>
    </p>
   </div>
  </div>
 </body>
</html>
