3466 5635
1102 713 1279 762 acra
1324 713 1557 764 omum·
1604 711 2078 766 CANCELLARIL
2519 699 2648 770 725

926 973 1079 1039 Two
1104 971 1344 1040 monks
1384 972 1630 1040 ‘receive
1674 970 1912 1039 licen-se
1954 978 2020 1040 to
2054 945 2320 1062 moach.

654 1118 1209 1200 Memmium,
1256 1118 1452 1205 quod,
1496 1118 1748 1185 decimo
1793 1119 1898 1185 die
1927 1118 2117 1201 Julii,
2153 1119 2551 1187 venerabilis
2583 1122 2656 1186 in
2744 1122 2814 1174 A·
2837 1139 2911 1175 aa.
2935 1127 3048 1172 244-

583 1221 847 1288 Christo
890 1225 1080 1308 pater
1123 1227 1191 1286 et
1222 1221 1525 1287 dominus
1565 1221 1870 1288 dominus
1915 1223 2274 1291 Lincolniae
2301 1224 2656 1312 episcopus,
2693 1211 2820 1278 ‘¹⁰¹5
2846 1217 2924 1275 ¹⁰2
2950 1211 3092 1261 ¹⁴⁶⁷·

558 1325 631 1389 in
697 1323 841 1389 loco
908 1324 1269 1389 mansionis
1336 1346 1471 1390 suae
1530 1324 1708 1411 apud
1764 1323 2000 1390 fiatres
2049 1323 2518 1393 Praedicatores
2583 1328 2656 1392 in

561 1425 835 1505 Oxonia,
874 1447 1099 1492 coram
1127 1426 1323 1492 nobis
1354 1425 1816 1493 Oommissario
1846 1428 2197 1508 antedicto,
2228 1428 2495 1493 domino
2525 1429 2655 1494 Ro-

557 1529 747 1594 berto
793 1529 1165 1606 Ebchester,
1229 1549 1427 1594 sacrae
1482 1529 1826 1617 theologiae
1870 1529 2223 1611 baculario,
2269 1532 2338 1594 et
2382 1530 2650 1596 domino

558 1632 911 1698 Wilhelmo
979 1632 1207 1711 Udale,
1274 1632 1609 1699 monachis
1671 1633 1986 1699 Dunelmi
2035 1634 2110 1698 in
2169 1634 2431 1700 dioecesi
2493 1634 2648 1700 Lin-

556 1734 807 1815 colniae‚
855 1735 942 1800 ad
990 1735 1483 1822 praedicandum
1526 1735 1801 1802 liberam
1845 1736 2164 1803 concessit
2205 1736 2559 1804 licentia-m.

996 2021 1287 2089 Assault
1327 2044 1519 2110 upon
1567 2029 1603 2058 “
1630 2021 1830 2089 (ἕψεαι
1874 2021 2081 2087 Black
2125 2022 2354 2089 Hazl.'’

648 2168 1079 2258 Auctoritate·
1118 2167 1368 2232 domini
1414 2166 1806 2234 Cancellarii
1856 2189 2194 2232 monemus
2253 2169 2535 2234 secundo
2581 2174 2647 2234 et
2740 2166 2811 2216 A.
2831 2181 2904 2218 ²²⁸·
2927 2170 3042 2216 2⁶⁰·

558 2269 755 2334 tertio
800 2293 875 2335 ac
920 2270 1353 2356 peremptorie
1398 2269 1678 2334 citamus
1708 2291 1933 2335 omnes
1979 2275 2048 2335 et
2093 2268 2382 2358 singulos
2412 2273 2526 2358 qui
2561 2273 2648 2337 ad
2823 2252 2966 2298 ¹⁴⁶⁷·

2673 2341 2747 2384 All
2765 2339 3016 2384 conoemed
3032 2340 3080 2384 in

558 2373 801 2437 ostium
846 2372 1109 2460 Magnae
1170 2371 1340 2438 aulae
1386 2372 1615 2459 Nigrae
1672 2371 2208 2450 verberaverunt,
2258 2394 2334 2438 ac
2381 2373 2646 2440 valvam
2669 2391 3048 2493 Qnefffflseout-

559 2474 915 2561 fregerunt,
980 2475 1054 2539 in
1098 2478 1291 2540 nocte
1350 2472 1483 2538 diei
1544 2475 1781 2540 Martis
1840 2475 2076 2539 ultimo
2138 2476 2514 2562 praeterit03
2573 2499 2648 2542 ac
2673 2491 3074 2588 §fficefi‘ffiuqu

558 2599 780 2643 omnes
844 2575 1009 2654 illesi,
1060 2577 1175 2663 qui
1220 2577 1313 2642 eis
1360 2576 1699 2656 auxilium,
1764 2577 2123 2657 consilium,
2183 2599 2299 2643 seu
2358 2578 2642 2644 favorem
2671 2593 2950 2687 staffili,

561 2680 1004 2766 praebuerunt,
1038 2679 1213 2765 quod
1256 2679 1549 2758 veniant,
1598 2684 1667 2744 et
1700 2679 1984 2766 quilibet
2030 2703 2253 2746 eorum
2292 2681 2536 2760 veniat,
2566 2684 2651 2748 ad
2673 2657 3045 2792 ffipffmbgggffir

561 2781 899 2847 dominum
930 2781 1405 2849 cancellarium
1450 2781 1590 2848 sive
1628 2782 1770 2868 ejus
1802 2781 2356 2867 Commissarium,
2383 2807 2651 2872 poenam
3046 2776 3057 2788 ’

562 2884 954 2972 condignam
1001 2884 1343 2950 subeundo
1387 2906 1505 2971 pro
1536 2885 1786 2951 enormi
1818 2885 2060 2953 delicto
2091 2888 2450 2969 commisse,
2481 2888 2654 2955 infra

559 2993 706 3052 octo
769 2986 910 3053 dies
972 3010 1014 3051 a
1073 2988 1288 3074 prima
1348 2988 1730 3069 monitione,
1781 2988 1904 3053 sub
1949 3010 2148 3075 poena
2207 2992 2651 3059 excommuni-

558 3089 834 3155 cationis
878 3091 950 3155 in
995 3110 1219 3155 omnes
1263 3091 1834 3157 contravenientes
1873 3112 2008 3157 non
2054 3092 2381 3159 immerito
2425 3092 2648 3159 fulmi-

553 3192 807 3259 nandae.

1240 3438 1495 3505 Forma
1536 3436 1959 3505 Bamaeowzra

648 3600 723 3667 N
716 3622 805 3681 os,
838 3597 1278 3671 Cancellarius
1310 3594 1610 3674 Oxoniae,
1640 3595 1722 3660 N.
1757 3594 1857 3675 N„
1889 3598 2345 3663 contumacem
2389 3603 2458 3665 et
2503 3621 2648 3665 nos-

557 3703 679 3769 tris
708 3702 1051 3790 praeceptis
1094 3699 1296 3765 licitis
1324 3704 1394 3765 et
1424 3698 1665 3763 debitis
1701 3697 2028 3777 rebellem,
2061 3700 2412 3765 bannimus
2444 3702 2516 3767 in
2545 3703 2650 3767 his

556 3805 817 3893 scriptis
860 3805 945 3869 ab
992 3804 1113 3868 hac
1158 3801 1617 3869 Universitate
1667 3801 1961 3882 Oxoniae,
2009 3806 2076 3867 et
2119 3824 2160 3867 a
2211 3802 2370 3868 locis
2415 3803 2651 3870 vicinis

554 3908 731 3973 infra
776 3906 1203 3995 praecinctum
1249 3904 1556 3991 ejusdem,
1588 3907 1928 3970 monentes
1975 3904 2202 3990 prim0,
2251 3907 2552 3984 secundo,
2582 3911 2652 3971 et

557 4011 757 4077 tertio
801 4007 1250 4096 peremptorie,
1295 4006 1471 4093 quod
1530 4027 1724 4071 nemo
1768 4005 2160 4093 praedictum
2214 4006 2297 4072 N.
2344 4006 2428 4074 N.
2475 4008 2651 4074 infra

554 4113 753 4178 istam
800 4110 1325 4177 Universitatem
1384 4112 1502 4173 aut
1561 4108 1985 4195 praecinctum
2036 4108 2330 4195 ejusdem
2376 4109 2653 4177 scienter

556 4215 849 4302 recipiat,
896 4213 1144 4294 foveat,
1188 4218 1307 4278 aut
1375 4211 1688 4277 defendat
1756 4232 1872 4297 per
1938 4212 2112 4276 diem
2182 4211 2472 4301 aliquam
2531 4218 2650 4278 aut

510 4380 519 4397 ,
557 4322 838 4396 noctem,
880 4317 1004 4382 sub
1048 4337 1245 4403 poena
1290 4312 1843 4392 incarcerationis,
1874 4318 1943 4378 et
1987 4313 2111 4378 sub
2156 4335 2354 4400 poena
2401 4336 2656 4379 excom·

556 4418 1024 4484 municationis
1068 4418 1196 4504 maj
1204 4416 1333 4483 oris
1392 4418 1469 4481 in⁴
1518 4438 1742 4482 omnes
1795 4417 2368 4483 contravenientes
2417 4418 2654 4484 merito

556 4520 1002 4587 fulminandae.
