3466 5635
1035 712 1211 761 Aci-A
1253 714 1492 764 cunm
1536 710 2013 763 emonam
2421 699 2551 764 645

444 890 668 960 clerici
711 896 1126 965 ecclesiarum
1194 898 1662 985 parochialium
1723 899 2189 965 interessentes
2231 897 2397 964 duos
2442 896 2555 963 de-

451 996 690 1075 uarios,
738 1003 809 1065 et
853 1000 1089 1066 fratres
1151 1022 1228 1065 ac
1293 1000 1412 1065 alii
1471 999 1841 1087 portionem
1904 1022 2148 1081 eorum,
2194 1005 2275 1067 ut
2334 1022 2564 1087 supra-

451 1097 710 1165 dictum
755 1107 898 1183 est;
958 1108 1030 1169 et
1071 1102 1252 1167 inter
1299 1102 1552 1168 Christi
1620 1124 1940 1190 pauperes
2001 1124 2119 1191 per
2182 1107 2566 1168 executores

449 1199 634 1267 illius
677 1202 806 1269 loci
848 1208 919 1270 et
963 1204 1276 1283 dioecesis,
1337 1204 1457 1271 ubi
1501 1225 1606 1271 me
1672 1204 1933 1292 sepeliri
1976 1204 2318 1292 contingat
2375 1209 2573 1269 extra

457 1301 786 1384 Welliam,
834 1306 1082 1393 viginti
1127 1307 1387 1384 solidos,
1418 1310 1496 1371 ut
1537 1306 1991 1393 praemittitur,
2037 1306 2562 1372 distribuendos:

548 1406 598 1471 I
595 1412 744 1484 tem,
791 1405 942 1473 volo
987 1408 1166 1495 quod
1211 1408 1342 1473 duo
1387 1408 1752 1474 sacerdotes
1796 1407 2139 1474 studentes
2172 1408 2452 1474 Oxoniae
2498 1408 2571 1472 in

457 1506 918 1575 Universitate
962 1509 1230 1589 ibidem,
1261 1508 1549 1595 eligendi
1590 1530 1709 1596 per
1752 1514 2133 1576 executores
2177 1530 2359 1575 meos
2400 1530 2573 1575 com-

458 1616 792 1681 morantes
838 1610 1134 1693 Oxoniae,
1179 1611 1485 1691 habeant,
1532 1610 1620 1675 ad
1662 1609 2125 1677 celebrandum
2188 1610 2441 1677 ibidem
2499 1610 2574 1675 in

464 1710 928 1779 Universitate
997 1713 1314 1800 praedicta
1381 1734 1500 1800 pro
1585 1713 1808 1777 anima
1873 1734 2021 1779 mea
2086 1718 2157 1778 et
2224 1711 2573 1777 animabus

457 1814 838 1897 parentium
885 1818 955 1879 et
983 1814 1475 1881 benefactorum
1505 1835 1802 1881 meorum
1832 1820 1902 1881 et
1932 1815 2228 1881 omnium
2256 1814 2570 1892 fidelium,

457 1935 578 2000 per
621 1936 830 1980 unum
873 1936 1125 1981 annum
1170 1916 1558 1981 continuum
1619 1920 1771 2002 post
1832 1922 2113 1982 mortem
2154 1938 2387 1998 meam,
2432 1916 2579 2002 qui-

464 2016 633 2083 libet
676 2038 904 2083 eorum
950 2018 1172 2083 decem
1232 2038 1502 2097 marcas,
1551 2022 1622 2083 et
1687 2017 2047 2084 celebrabit
2112 2039 2285 2085 unus
2346 2040 2574 2084 eorum

465 2125 502 2153 “
533 2118 820 2185 trentale
849 2118 884 2145 ’³
953 2118 1149 2185 Beati
1226 2118 1528 2206 Gregorii
1596 2118 1815 2205 Papae,
1859 2119 1932 2183 in
2007 2119 2275 2185 ecclesia
2348 2120 2575 2187 Beatae

466 2219 760 2307 Virginis
805 2220 880 2286 in
927 2220 1388 2287 Universitate
1449 2220 1783 2307 praedicta,
1828 2243 1947 2308 pro
2014 2220 2239 2286 anima
2295 2240 2443 2287 mea
2505 2225 2575 2287 et

461 2323 759 2388 omnium
804 2322 1104 2389 fidelium
1151 2322 1648 2389 defunctorum:
1721 2328 1791 2389 et
1856 2344 1976 2411 pro
2042 2321 2454 2389 exhibitione
2498 2345 2576 2387 ac

464 2447 592 2490 usu
637 2424 929 2491 vestium
974 2424 1220 2503 altaris,
1253 2446 1330 2489 ac
1373 2444 1492 2511 pro
1538 2446 1706 2511 pane
1738 2446 1871 2491 uno
1918 2430 1989 2491 et
2031 2425 2281 2492 lumine
2326 2430 2397 2491 et
2438 2446 2574 2492 uno

465 2527 698 2593 clerico
743 2526 830 2593 ad
876 2526 1381 2592 deserviendum
1431 2526 1758 2592 sacerdoti
1804 2528 2297 2613 concordabunt
2328 2548 2576 2597 ‚execu-

463 2633 641 2695 tores
685 2628 816 2694 mei
864 2628 1144 2694 Oxoniae
1206 2650 1356 2693 cum
1419 2628 1772 2709 sacerdote,
1818 2628 1874 2693 si
1937 2628 2070 2695 tale
2132 2649 2299 2695 onus
2363 2628 2437 2692 in
2504 2649 2575 2695 se

465 2731 792 2817 suscipere
849 2727 1034 2809 velit,
1081 2729 1372 2815 alioquin
1435 2750 1584 2795 cum
1650 2729 2032 2795 volentibus
2056 2727 2075 2766 ¹
2124 2729 2461 2811 interesse,
2506 2733 2576 2795 et

460 2834 610 2900 volo
656 2833 834 2919 quod
901 2832 1012 2897 ille
1058 2832 1354 2898 sacerdos
1419 2853 1540 2919 pro
1609 2853 1714 2896 me
1778 2831 2231 2898 celebraturus
2291 2853 2429 2897 non
2485 2831 2577 2896 sit

465 2941 731 3001 curatus
776 2933 1245 3020 stipendiarius
1289 2933 1452 2998 alibi
1495 2936 1618 2998 aut
1661 2933 2062 3020 collegiatus,
2094 2937 2163 2999 et
2190 2932 2578 3020 simpliciter

471 3037 656 3102 nullo
700 3036 896 3101 modo
941 3038 1298 3121 promotus.
1390 3035 1586 3099 Alius
1629 3055 1788 3100 vero
1852 3035 2153 3101 sacerdos
2218 3033 2578 3101 celebrabit

465 3139 538 3204 in
583 3138 854 3205 ecclesia
898 3137 960 3203 S.
1010 3138 1192 3202 Petri
1235 3135 1322 3201 ad
1365 3136 1576 3202 altare
1619 3136 1694 3202 in
1740 3137 1992 3222 capella
2025 3136 2251 3203 Beatae
2284 3136 2577 3223 Virginis

467 3261 582 3327 per
625 3261 878 3306 annum
923 3238 1240 3304 continuo
1283 3242 1436 3323 post
1479 3242 1761 3302 mortem
1822 3258 2059 3302 meam·
2080 3237 2296 3302 simile
2340 3244 2375 3273 “
2396 3243 2581 3303 tren-

466 3343 600 3408 tale
619 3341 652 3368 '’
719 3340 911 3406 Beati
956 3338 1258 3426 Gregorii
1326 3359 1444 3425 pro
1512 3339 1737 3404 anima
1804 3360 1955 3405 mea
1998 3345 2069 3404 et
2114 3339 2347 3404 matris
2412 3361 2577 3406 meae
2653 3409 2655 3412 ,

472 3443 519 3510 J
521 3444 822 3523 ohannes,
878 3462 1029 3506 cum
1098 3439 1432 3527 suffragiis
1497 3439 1584 3504 ad
1651 3439 1775 3504 hoc
1840 3439 2171 3526 pertinere
2230 3441 2577 3508 consuetis.

469 3546 560 3611 Et
605 3546 725 3610 bos
789 3544 954 3608 duos
1021 3541 1392 3608 sacerdotes
1465 3540 1745 3607 Oxoniae
1813 3540 2239 3622 celebrantes,
2286 3547 2367 3614 ut
2408 3565 2577 3628 prae-

465 3648 698 3725 fertur,
761 3645 917 3711 volo
985 3643 1076 3708 sic
1137 3643 1431 3708 inveniri
1492 3642 1576 3708 de
1637 3643 1831 3708 bonis
1906 3642 2071 3708 meis
2138 3643 2579 3710 existentibus

470 3748 768 3826 Oxoniae‚
799 3747 1177 3831 ubicunque
1220 3766 1327 3810 me
1373 3744 1634 3833 sepeliri
1680 3745 2067 3832 contingat;
2112 3749 2184 3810 et
2209 3746 2363 3812 volo
2400 3746 2579 3831 quod

470 3873 640 3916 unus
703 3848 969 3914 illorum
1031 3846 1447 3913 sacerdotum
1511 3845 1604 3911 sit
1666 3846 1749 3912 de
1815 3847 2066 3933 Anglia
2126 3847 2463 3928 oriundus,
2509 3852 2580 3913 et

467 3955 637 4020 alius
668 3953 750 4018 de
781 3948 1108 4017 Hibernia
1137 3948 1436 4036 Anglicae
1481 3948 1787 4029 nationis,
1817 3949 2145 4031 videlicet,
2176 3949 2259 4015 de
2290 3948 2582 4036 Lagenia

469 4057 580 4122 vel
623 4055 876 4120 mediat

559 4158 756 4236 Item,
821 4155 970 4220 volo
1039 4154 1215 4240 quod
1284 4173 1416 4217 uno
1483 4172 1662 4216 anno
1725 4151 2041 4216 continuo
2103 4156 2255 4238 post
2298 4157 2579 4218 mortem

472 4281 688 4326 meam
732 4257 824 4322 sit
867 4277 1040 4321 unus
1085 4255 1364 4322 devotus
1406 4251 1708 4319 sacerdos
1774 4250 2106 4318 celebrans
2170 4252 2245 4318 in
2310 4252 2580 4322 ecclesia

541 4545 556 4578 ¹
580 4543 866 4595 habentibus
887 4542 932 4594 is
952 4543 1041 4594 the
1061 4540 1272 4607 reading
1303 4541 1364 4592 of
1379 4541 1468 4591 the
1584 4545 1762 4590 textto
1776 4537 2053 4600 volentibus,
2066 4539 2249 4600 which,
2264 4542 2577 4608 apparently,
2712 4573 2723 4582 ·

474 4625 605 4688 MS„
626 4623 654 4673 1
689 4622 820 4674 have
857 4621 1104 4672 ventui-ed
1136 4627 1190 4670 to
1221 4620 1348 4672 alter
1383 4619 1471 4670 the
1589 4617 1636 4668 is
1654 4619 1745 4669 the
1765 4618 1907 4669 word
1923 4619 2307 4672 wanted—En.
