3466 5635
525 2129 893 2183 &calleh

554 4159 624 4212 A.
645 4177 722 4214 aa.
749 4171 859 4217 119.

955 702 1083 767 644
1507 716 1684 769 acu
1725 720 1965 769 cunm
2012 719 2491 775 cmcsnmmx.

951 906 1411 980 non-sacerdos
1455 906 1699 972 habeat
1744 928 1863 993 pro
1908 906 2203 993 exequiis
2244 911 2314 972 et
2358 904 2558 971 missa
2600 928 2678 973 ac
2720 906 3059 993 sepultura.

955 995 1268 1061 tredecim
1323 995 1648 1075 denarios,
1693 996 2013 1073 videlicet,
2055 1017 2175 1083 pro
2234 996 2529 1083 exequiis
2590 996 2665 1061 in
2707 1002 2899 1061 nocte
2944 1018 3061 1061 sex

955 1096 1273 1175 denarios,
1320 1102 1389 1163 et
1433 1119 1553 1184 pro
1597 1098 1797 1163 missa
1825 1099 1897 1162 in
1928 1097 2039 1163 die
2066 1119 2183 1165 sex
2213 1098 2531 1175 denarios,
2578 1102 2649 1163 et
2678 1118 2796 1183 pro
2842 1097 3058 1185 sepul·

953 1202 1108 1263 tura
1149 1219 1358 1264 unum
1403 1198 1767 1277 denarium,
1814 1200 1873 1265 si
1917 1200 2247 1277 intersint,
2296 1198 2458 1263 alias
2505 1219 2661 1277 non,
2706 1208 2776 1263 et
2822 1198 2945 1263 hoc
2974 1198 3058 1263 de

949 1300 1142 1365 bonis
1185 1301 1350 1365 meis
1394 1300 1838 1367 existentibus
1882 1300 2184 1367 Welliae:

1038 1402 1229 1481 Item,
1275 1402 1425 1467 volo
1471 1403 1650 1487 quod
1694 1403 2063 1468 sacerdotes
2122 1403 2195 1466 in
2240 1401 2512 1489 collegio
2560 1403 2825 1489 Motrey
2870 1401 3057 1469 wel-

949 1504 1059 1570 liae
1103 1504 1394 1570 habeant
1437 1526 1555 1589 pro
1585 1505 1879 1591 exequiis
1923 1505 2003 1569 de
2046 1509 2241 1570 nocte
2284 1510 2355 1569 et
2414 1504 2615 1571 missa
2656 1505 2731 1570 in
2774 1505 3061 1571 crastino

951 1606 1230 1673 dicenda
1304 1627 1420 1692 per
1494 1606 1856 1693 quemlibet
1930 1606 2337 1673 sacerdotem
2400 1628 2519 1671 sex
2588 1606 2833 1673 solidos
2908 1612 3057 1673 octo

951 1707 1252 1773 denarios
1325 1708 1670 1794 aequaliter
1744 1708 1923 1773 inter
2008 1730 2118 1773 eos
2193 1707 2600 1785 dividendos,
2691 1730 2827 1773 una
2916 1707 3057 1775 vice

951 1813 1214 1875 tantum
1243 1834 1258 1874 ε

1041 1912 1230 1991 Item,
1261 1912 1410 1978 volo
1455 1912 1631 1999 quod
1661 1913 1842 1999 prior
1871 1917 1943 1977 et
1970 1910 2329 1977 confratres
2373 1911 2477 1975 sui
2521 1911 2605 1977 de
2634 1911 2698 1978 S.
2744 1911 2793 1977 J
2794 1910 3055 1977 ohanne

956 2013 1230 2094 Welliae,
1277 2015 1566 2080 dicentes
1596 2013 2024 2079 consimiliter
2068 2012 2377 2098 exequias
2422 2012 2503 2077 de
2548 2018 2741 2079 nocte
2786 2017 2857 2078 et
2900 2012 3057 2078 mis-

953 2136 1095 2183 sam
1141 2116 1224 2181 de
1270 2138 1482 2195 mane,
1531 2115 1866 2181 habeant¹
1916 2136 2035 2179 sex
2080 2112 2324 2179 solidos
2368 2118 2517 2179 octo
2562 2113 2915 2179 denarios:

1043 2218 1228 2295 Rem,
1299 2217 1446 2283 volo
1513 2218 1689 2303 quod
1757 2216 2125 2282 sacerdotes
2192 2220 2262 2281 et
2326 2236 2642 2301 pauperes
2708 2214 3053 2301 hospitalis

951 2319 1204 2385 Welliae
1248 2319 1474 2385 dicant
1519 2318 1835 2406 suffragia
1879 2317 2229 2405 praemissa,
2275 2322 2345 2383 et
2374 2317 2553 2403 quod
2596 2316 2888 2383 habeant
2932 2338 3051 2383 sex

949 2422 1190 2487 solidos
1237 2428 1384 2486 octo
1432 2420 1774 2486 denarios:

1036 2522 1223 2601 Item,
1253 2522 1406 2587 volo
1436 2522 1612 2607 quod
1655 2522 1836 2587 inter
1879 2520 2249 2607 capellanos
2294 2520 2697 2587 celebrantes
2739 2520 2814 2585 in
2858 2520 3053 2587 eccle-

947 2623 1045 2688 sia
1089 2622 1446 2709 parochiali
1493 2623 1554 2687 S.
1605 2621 1983 2701 cuthberti,
2028 2622 2320 2687 dicentes
2365 2621 2681 2708 praedicta
2723 2622 3051 2708 suffragia,

947 2724 1436 2791 distribuantur
1511 2724 1953 2812 quadraginta
2040 2722 2309 2804 denarii,
2384 2728 2455 2789 et
2528 2722 2704 2809 quod
2779 2722 3058 2809 quilibet

947 2827 1242 2893 sacerdos
1287 2827 1464 2892 dicat
1509 2828 1777 2892 missam
1840 2825 1914 2891 in
1958 2826 2244 2891 crastino
2310 2847 2430 2915 pro
2494 2828 2717 2890 anima
2778 2849 2942 2903 mea,
2988 2831 3057 2892 et

947 2928 1124 3014 quod
1193 2928 1474 3015 quilibet
1539 2928 1809 2994 clericus
1876 2929 2274 2994 interessens
2336 2927 2552 2993 missis
2616 2931 2686 2992 et
2760 2927 3056 3012 exequiis

947 3030 1278 3115 praedictis
1340 3030 1583 3095 habeat
1647 3030 1813 3095 duos
1881 3030 2203 3110 denarios,
2272 3034 2342 3095 et
2405 3029 2583 3116 quod
2645 3029 2828 3095 inter
2894 3029 3055 3096 alios

947 3151 1264 3216 pauperes
1310 3131 1502 3198 dictae
1547 3132 1727 3198 villae
1776 3132 2033 3198 Welliae
2079 3131 2570 3198 distribuantur
2613 3153 2731 3219 per
2774 3134 3059 3219 aequales

947 3232 1284 3317 portiones
1327 3233 1569 3320 viginti
1615 3233 1823 3311 solidi,
1872 3239 1945 3298 et
1987 3234 2128 3300 haec
2172 3233 2397 3298 omnia
2440 3233 2585 3299 fieri
2617 3233 2769 3299 volo
2800 3233 3054 3300 Weuiae

948 3357 991 3398 a
1032 3335 1279 3400 notitia
1323 3336 1556 3400 mortis
1599 3357 1784 3412 meae,
1830 3340 1900 3400 et
1945 3334 2148 3400 etiam
2194 3335 2277 3400 de
2328 3335 2517 3400 bonis
2562 3335 2725 3400 meis
2772 3335 3055 3400 existen·

948 3435 1130 3502 tibus
1154 3436 1412 3503 Welliae
1442 3438 1515 3500 in
1545 3437 1851 3502 manibus
1880 3437 2314 3502 commuuarii
2332 3437 2359 3474 ⁹
2386 3442 2507 3501 aut
2536 3437 2811 3502 alterius
2841 3436 2941 3522 cuj
2950 3458 3053 3500 us-

949 3559 1244 3624 cunque:
1329 3539 1614 3624 reliquas
1668 3559 1987 3624 expensas
2047 3537 2376 3603 funerales
2437 3537 2690 3604 fiendas
2754 3538 3051 3624 relinquo

949 3640 1325 3705 discretioni
1369 3645 1791 3706 executorum
1862 3661 2155 3706 meorum
2224 3639 2340 3704 ubi
2406 3661 2511 3704 me
2574 3640 2834 3726 sepeliri
2901 3661 3050 3705 con-

948 3741 1187 3828 tingat,
1219 3741 1579 3807 dummodo
1623 3764 1761 3807 non
1790 3743 1961 3806 fiant
1989 3741 2189 3806 nimis
2219 3741 2689 3827 superstitiose,
2724 3763 3049 3829 pompose,

949 3849 1072 3908 aut
1114 3845 1520 3930 voluptuose,
1553 3849 1622 3910 et
1650 3844 1828 3930 quod
1872 3843 2081 3929 major
2124 3866 2275 3931 pars
2304 3848 2731 3909 executor-um
2760 3865 3051 3910 meorum

948 3945 1120 4010 circa
1163 3945 1698 4011 distributionem
1743 3947 2228 4032 praemissarum
2272 3945 2679 4010 consentiat:

1043 4049 1230 4128 Item,
1274 4047 1427 4112 volo
1459 4046 1632 4133 quod
1679 4046 1739 4111 si
1784 4052 1978 4110 extra
2014 4047 2312 4112 Welliam
2355 4068 2462 4111 me
2492 4047 2661 4111 mori
2692 4047 3055 4131 contingat,

949 4149 1274 4228 videlicet,
1343 4149 1684 4228 Londonii,
1765 4149 2063 4229 Eboraci,
2114 4147 2359 4227 Roffiae,
2432 4148 2810 4235 Longefeld,
2878 4148 3052 4234 quod

950 4255 1112 4317 tunc
1170 4252 1415 4338 singuli
1481 4252 1862 4328 sacerdotes,
1934 4251 2231 4336 exequiis
2299 4263 2367 4316 et
2432 4251 2649 4317 missae
2694 4251 3053 4338 sepulturae

947 4373 1112 4418 meae
1173 4353 1654 4432 interessentes,
1718 4352 2011 4417 habeant
2078 4359 2223 4418 octo
2293 4352 2615 4431 denarios,
2679 4357 2750 4418 et
2811 4351 3057 4438 singuli

2899 4539 3049 4547 -—--—---

1017 4651 1032 4686 ¹
1055 4659 1106 4704 et
1126 4651 1256 4719 quod
1279 4649 1507 4710 habeant,
1531 4651 1646 4702 MS.
2009 4648 2019 4720 Ι
2112 4648 2135 4682 ²
2167 4650 2481 4710 comminuar-ii,
2504 4647 2617 4702 MS-
