3466 5635
694 803 701 810 -
900 759 1033 831 ’710
1460 774 1633 826 ΑοΤΑ
1678 774 1918 826 cunm
1963 773 2442 826 cmcnnmmx.

444 969 625 1014 annin
650 969 771 1012 from
897 961 1163 1048 pacifice
1199 967 1270 1028 et
1315 963 1537 1050 quiete
1581 962 1880 1028 manebit
1922 963 2100 1028 inter
2143 963 2480 1050 proximos
2531 983 2700 1042 sum,
2749 965 2820 1027 et
2865 984 3006 1048 spe-

443 1020 641 1072 abusing
656 1019 750 1062 and

442 1069 836 1130 thmtonins.h⁸¹·
896 1067 1151 1130 cialiter
1208 1087 1435 1130 versus
1496 1065 1541 1132 J
1546 1065 1870 1130 ohannem
1939 1064 2286 1130 Davidson
2335 1069 2406 1129 et
2463 1065 2793 1150 Agnetem
2846 1085 3009 1128 uxo-

444 1121 725 1172 neighbours
740 1131 791 1162 m

444 1173 619 1218 tuturo.

562 2321 677 2374 Oct.
703 2325 747 2376 1.

540 3984 608 4034 A.
632 3998 707 4032 aa.
732 3986 845 4031 215.

564 4074 695 4124 Nov.
724 4076 801 4121 19.

895 1189 1034 1231 rem
1094 1189 1299 1245 suam,
1358 1188 1494 1231 non
1554 1165 1898 1231 inferendo
1958 1167 2054 1230 eis
2112 1188 2225 1230 seu
2287 1188 2509 1231 eorum
2561 1165 2762 1230 alicui
2805 1164 3009 1229 verba

894 1268 1205 1356 litigiosa,
1284 1268 1774 1346 contumeliosa,
1853 1268 2372 1346 comminatoria,
2437 1288 2552 1332 seu
2627 1265 3011 1332 scandalosa

898 1369 1166 1436 omnino
1210 1371 1285 1434 in
1329 1371 1645 1447 futurum,
1690 1369 1815 1434 sub
1859 1391 2058 1455 poena
2101 1370 2350 1455 viginti
2393 1369 2770 1444 solidorum,
2825 1367 3011 1455 cujus

898 1493 1037 1536 una
1082 1471 1400 1536 medietas
1445 1472 1576 1537 erit
1620 1469 1906 1537 ecclesiae
1969 1470 2032 1536 S.
2083 1471 2442 1536 Clementis
2505 1471 2682 1536 ultra
2740 1475 3009 1556 pontem

901 1572 1306 1650 orientalem,
1372 1571 1504 1637 alia
1580 1594 1738 1638 vero
1815 1573 2136 1638 medietas
2215 1571 2670 1638 Universitati
2729 1571 3008 1638 Oxoniae

902 1674 1361 1759 applicabitur,
1406 1674 1460 1739 si
1523 1673 1732 1760 possit
1777 1673 2214 1761 probabiliter
2255 1673 2519 1761 probari
2571 1695 2788 1740 coram
2837 1673 3009 1739 Oan-

904 1775 1166 1841 cellario
1210 1775 1318 1842 vel
1364 1776 1421 1862 ej
1429 1798 1505 1842 us
1552 1775 2018 1842 Commissario
2061 1776 2356 1862 generali
2400 1776 2578 1863 quod
2609 1774 3008 1842 contrarium

904 1877 1133 1944 fecerit
1176 1878 1251 1943 in
1294 1876 1517 1964 aliquo
1565 1877 2042 1965 praedictorum.

1472 2166 1535 2231 A
1578 2166 1852 2252 private
1899 2165 2095 2232 baker
2140 2164 2448 2232 licenced.

995 2313 1070 2378 M
1074 2312 1545 2391 emoroendum,
1584 2313 1760 2399 quod
1789 2311 2017 2378 eodem
2061 2311 2168 2377 die
2197 2309 2440 2375 mensis
2482 2309 2802 2388 Octobris,
2835 2332 3007 2376 anno

908 2414 1180 2479 Domini
1232 2415 1579 2480 millesimo
1627 2411 2277 2499 quadringentesimo
2307 2412 2713 2498 sexagesimo
2759 2418 3014 2497 quarte,

906 2516 985 2580 N
976 2537 1061 2593 os,
1110 2516 1408 2602 Rogerus
1456 2515 1803 2600 Bulkeley,
1833 2535 2035 2580 sacrae
2079 2514 2434 2600 theologiae
2463 2514 2802 2598 professor,
2834 2535 3016 2579 reve-

908 2617 1099 2682 rendi
1144 2617 1218 2681 in
1264 2615 1531 2682 Christo
1574 2617 1786 2702 patris
1830 2621 1899 2682 et
1944 2615 2198 2681 domini
2245 2615 2499 2682 domini
2545 2615 2813 2702 Georgii
2845 2615 3019 2679 Exo-

908 2719 1038 2783 niae
1112 2719 1416 2806 episcopi,
1492 2717 1691 2804 hujus
1768 2716 1961 2782 almae
2040 2715 2520 2783 Universitatis
2611 2716 3019 2794 cancellarii,

912 2820 1414 2886 Commissarius
1458 2817 1801 2907 generalis,
1847 2819 2338 2885 licentiavinius
2383 2819 2720 2905 quendam
2765 2819 2812 2884 J
2814 2819 3017 2884 ohan-

914 2943 1066 2986 nem
1092 2921 1433 3007 Wysdom,
1467 2920 1549 2986 de
1580 2921 1888 3007 parochia
1932 2920 2246 2987 Omnium
2297 2920 2691 2986 Sanctorum
2724 2921 3017 3002 Oxoniae,

913 3023 997 3088 ad
1046 3022 1439 3108 pinsendum
1486 3022 1629 3088 sive
1661 3022 2046 3110 pistandum
2077 3022 2150 3086 in
2179 3021 2374 3087 furno
2417 3044 2535 3087 suo
2566 3024 2826 3107 quoties
2858 3046 3020 3111 opus

914 3123 1134 3203 fuerit,
1166 3126 1238 3188 in
1280 3123 1533 3209 vigiliis
1564 3122 1961 3189 Sanctorum
1995 3129 2063 3189 et
2091 3122 2482 3189 Sanctarum
2524 3124 3018 3210 jejunabilibus,

917 3247 994 3290 ac
1040 3224 1244 3290 etiam
1291 3225 1365 3289 in
1398 3224 1937 3311 Quadragesima‚
1970 3246 2173 3312 panes
2202 3225 2571 3311 vulgariter
2611 3232 3022 3313 nuncupatos

916 3332 955 3363 ‘⁶
996 3328 1065 3390 W
1065 3348 1258 3412 yyyes
1276 3325 1314 3353 ''
1359 3332 1429 3391 et
1493 3334 1529 3361 “
1547 3324 1976 3411 Symmlles,”
2034 3326 2128 3391 sic
2171 3326 2348 3412 quod
2395 3348 2526 3389 non
2574 3327 2694 3391 fiat
2738 3327 2812 3391 in
2857 3348 3022 3412 prae-

910 3427 1237 3513 judicium
1311 3428 1476 3492 artis
1535 3428 1903 3492 communis
1961 3428 2306 3514 pistorum,
2353 3428 2469 3493 sed
2515 3429 2601 3492 ad
2659 3430 3022 3515 proficuum

919 3529 1398 3596 Universitatis
1442 3534 1511 3594 et
1553 3529 1736 3595 villae
1780 3530 2114 3616 praedictae
2160 3528 2453 3595 Oxoniae.

1262 3786 1607 3870 Privileqe
1654 3787 1737 3873 of
1771 3786 1876 3853 the
1933 3787 1998 3853 U
1991 3786 2328 3874 nivereity
2373 3787 2682 3855 claimed.

1015 3943 1523 4011 Undevicesimo
1569 3944 1676 4010 die
1722 3945 2016 4032 ejusdem
2075 3947 2336 4028 mensis,
2385 3949 2754 4035 comparuit
2811 3971 3028 4015 coram

924 4047 1116 4113 nobis
1163 4046 1627 4113 Commissario
1680 4048 1999 4133 praedicto
2045 4048 2092 4114 J
2095 4049 2387 4115 ohannes
2433 4049 2826 4135 Skydmore,
2859 4072 3032 4116 asse-

926 4149 1131 4213 rendo
1183 4170 1253 4213 se
1300 4169 1438 4213 esse
1500 4149 1902 4235 mancipium
1967 4150 2221 4236 collegii.
2266 4150 2735 4216 monachorum
2783 4152 3034 4219 ordinis

933 4250 1483 4329 Cisterciensium,
1518 4256 1586 4315 et
1630 4250 1754 4316 hoc
1799 4252 2112 4339 probavit
2140 4274 2257 4337 per
2299 4258 2435 4317 tres
2477 4253 2816 4339 religiosos
2863 4255 3034 4340 ejus-

932 4352 1081 4416 dem
1117 4351 1259 4431 loci,
1292 4352 1433 4431 viz„
1470 4352 1896 4439 Radulpbum
1927 4354 2294 4431 Harbotell,
2327 4354 2695 4420 Robertum
2729 4356 3036 4443 Charley,

934 4460 1005 4517 et
1047 4451 1469 4517 Wilhelmum
1537 4454 1823 4534 Huntte,
1872 4460 1941 4520 et
2003 4456 2094 4521 sic
2156 4456 2427 4541 petebat
2488 4479 2556 4522 se
2619 4457 2888 4523 admitti
2947 4460 3036 4523 ad

934 4552 1353 4640 privilegium
1385 4555 1826 4621 servientibus
1857 4556 2268 4623 Scholarium
2298 4558 2654 4639 indultum,
2687 4582 2882 4646 quem
2913 4583 3037 4626 nos

936 4654 1335 4721 auctoritate
1381 4678 1513 4741 qua
1556 4657 1903 4744 fungimur
1947 4659 2348 4727 admisimus,
