3466 5635
746 708 941 759 mm
983 706 1443 759 CANCELLARII
1484 710 1571 759 m·
1614 708 2194 761 PROCURATORUM.
2397 698 2525 765 431

860 979 1001 1063 Qui
1042 1002 1191 1047 ‘non
1225 984 1516 1067 posswnt
1552 984 1834 1065 portare
1876 976 2090 1045 ‘roba-9.
2687 1010 2747 1063 0.
2773 1014 2856 1061 24,

514 1138 689 1219 Quia
730 1160 889 1205 vero
932 1140 1310 1206 beneficiati
1353 1140 1677 1205 habentes
1736 1137 2178 1225 quadraginta
2233 1158 2484 1205 marcas
2503 1136 2524 1175 ¹
2553 1157 2955 1251 wtssltggffl

418 1240 495 1305 in
554 1241 929 1307 redditibus
994 1242 1123 1307 sub
1189 1240 1339 1307 aliis
1398 1246 1467 1307 et
1516 1240 1750 1306 alienis
1809 1240 2184 1327 sumptibus
2241 1239 2530 1327 incipere
2552 1258 2666 1351 ffint
2680 1269 2898 1351 &pom
2912 1260 2966 1301 st

414 1364 557 1408 non
596 1345 915 1431 permissi,
960 1344 1161 1410 nimis
1206 1348 1625 1432 sumptuosas
1668 1344 2072 1430 inceptiones
2113 1342 2340 1421 facere,
2387 1342 2527 1410 sola
2601 1319 2685 1361 ⁰⁰¹³
2707 1320 2826 1353 '⁰¹¹⁸'

412 1450 691 1531 cogente
732 1448 1145 1527 verecundia,
1198 1451 1357 1512 sunt
1413 1447 1640 1523 coacti,
1704 1446 1864 1531 quia
1923 1445 2194 1530 insuper
2255 1444 2525 1529 quidam

418 1545 729 1635 Magistri
792 1550 1213 1615 abundantes
1282 1548 1539 1615 divitiis
1606 1547 1844 1634 saepius
1890 1547 1965 1612 in
2023 1546 2256 1613 alienis
2308 1546 2527 1633 incep-

412 1649 711 1715 tionibus
760 1650 957 1717 robas
1000 1651 1247 1732 ferunt,
1296 1650 1473 1716 vices
1517 1670 1886 1737 pauperum
1935 1648 2098 1735 ipsis
2149 1646 2529 1735 supplentes

412 1751 689 1835 invitis3
752 1759 831 1818 ut
875 1755 1143 1840 utrique
1186 1753 1602 1819 incommodo
1650 1772 1936 1839 congruo
1995 1750 2285 1816 remedio
2309 1747 2338 1785 ⁹
2380 1771 2525 1815 suc-

410 1858 735 1935 curratur,
802 1854 1179 1923 Statutum-
1228 1862 1337 1935 est,
1383 1854 1559 1941 quod
1604 1854 1926 1940 Magister
1981 1852 2235 1918 habens
2278 1874 2530 1917 annua-

411 1954 543 2020 tim
561 1954 589 1992 ³
657 1958 731 2021 in
814 1957 1187 2024 redditibus
1278 1957 1723 2045 quadraginta
1789 1976 2040 2021 marcas
2085 1952 2116 1993 ⁴
2173 1955 2250 2019 in
2308 1955 2526 2019 aliena

410 2056 785 2145 inceptione
844 2060 1228 2126 nullatenus
1256 2059 1425 2125 ferat
1468 2059 1717 2139 robam,
1766 2058 1899 2123 nisi
1945 2058 2084 2145 ipse
2134 2057 2357 2122 forsan
2399 2057 2526 2122 sub

410 2157 559 2246 ipso
624 2162 947 2248 inceperit
1029 2164 1213 2249 cujus
1295 2161 1669 2249 sumptibus
1751 2160 2040 2247 inceptio
2123 2158 2524 2239 celebratur3

412 2262 667 2329 habens
724 2270 952 2331 autem
1013 2286 1132 2352 per
1190 2286 1439 2331 annum
1457 2263 1484 2300 ⁶
1550 2264 1625 2327 in
1686 2261 2060 2329 redditibus
2128 2259 2482 2349 sexaginta
2495 2258 2525 2297 ⁶

408 2388 665 2432 marcas
709 2367 835 2432 sub
878 2369 1009 2434 alio
1054 2367 1411 2456 incipiente
1455 2366 1742 2453 incipere
1785 2387 1923 2431 non
1965 2367 2338 2452 praesumat.

502 2467 611 2533 Ne
654 2474 878 2534 autem
937 2471 1011 2535 in
1071 2468 1425 2557 praemissis
1475 2489 1595 2555 pro
1646 2467 2090 2535 aestimatione
2141 2466 2525 2532 reddituum

411 2570 723 2657 cuiquam
773 2572 896 2638 fiat
943 2571 1343 2637 conscientia
1398 2570 1680 2635 nimium
1743 2570 2136 2655 scrupulosa,
2184 2569 2524 2654 incepturo

410 2677 534 2738 aut
568 2673 763 2738 robas
800 2674 1019 2740 laturo
1051 2672 1335 2739 sufficiat
1363 2672 1840 2760 juramentum,
1869 2672 1927 2737 si
1955 2670 2264 2736 videlicet
2298 2670 2526 2757 jurare

406 2779 683 2863 paratus
728 2776 993 2857 existat,
1040 2777 1114 2841 in
1173 2774 1359 2841 nulla
1407 2776 1829 2842 taxationum
1873 2777 2206 2862 praetextu
2249 2772 2527 2839 subsidii

406 2883 609 2944 terrae
652 2901 853 2945 sacrae
889 2879 1034 2966 jam
1078 2901 1253 2966 saepe
1296 2878 1639 2958 factarm,
1688 2879 1801 2964 [de
1841 2877 2015 2944 claro
2045 2899 2163 2964 per
2205 2874 2526 2963 annum]⁷

406 2979 714 3046 beneficii
779 2982 885 3046 sui
958 2981 1469 3048 aestimationem
1542 3001 1832 3045 summas
1911 2979 2102 3066 [non]
2122 2977 2148 3016 ⁸
2224 2979 2526 3066 attigisse

404 3081 775 3169 praedictas.

722 3321 826 3388 De
864 3272 1067 3388 {modo
1112 3319 1533 3408 disputandi
1574 3321 1663 3387 ἰη
1706 3319 2224 3408 νεκηοερινῑοηφῑωω.
2331 3423 2338 3430 .
2680 3357 2744 3410 Β,
2769 3361 2851 3406 49,

502 3479 590 3544 In
656 3480 791 3546 fine
858 3485 1080 3546 autem
1138 3481 1607 3569 disputationis
1666 3481 1864 3568 primi
1923 3481 2400 3567 incipientium,
2465 3483 2523 3548 si

405 3581 649 3666 artista
685 3582 889 3647 fuerit
932 3582 1041 3648 vel
1086 3583 1447 3670 theologuS,
1495 3582 1694 3648 debet
1725 3583 2078 3670 praedictus
2123 3583 2372 3670 primus
2415 3583 2520 3648 in-
2624 3608 2644 3632 ·

406 3682 799 3769 cipientium
850 3706 1175 3771 opponere
1224 3686 1305 3751 de
1367 3685 1579 3750 altera
1624 3691 1818 3771 parte
1878 3685 2258 3771 quaestionis
2323 3685 2521 3751 alicui

404 3783 719 3872 theologo
765 3787 882 3872 qui
942 3789 1015 3853 in
1076 3787 1393 3854 consimili
1444 3809 1598 3853 casu
1645 3787 1830 3873 prius
1881 3809 2018 3852 non
2065 3787 2520 3873 responderit3

402 3887 587 3974 quod
628 3888 689 3953 si
734 3911 959 3954 omnes
1000 3889 1480 3976 responderint,
1526 3895 1820 3977 opponat
1863 3890 2118 3955 seniori.

478 4173 495 4202 ¹
518 4179 780 4234 marcatas,
809 4172 867 4224 C.
1576 4176 1595 4203 ⁸
1616 4174 1878 4238 octoqinta,
1923 4173 1986 4222 B.
2028 4174 2132 4223 and
2171 4173 2245 4236 C.,
2285 4177 2387 4226 and
2429 4178 2520 4230 the

478 4251 501 4281 ²
518 4251 741 4312 remedio,
764 4251 973 4300 omitted
994 4251 1053 4302 in
1076 4251 1135 4303 C.
1510 4251 1622 4302 first
1641 4252 1826 4302 hnlfof
1837 4253 2097 4317 sexayinta
2117 4252 2174 4301 in
2196 4253 2264 4303 A.
2279 4253 2374 4304 has
2387 4257 2516 4308 been

478 4328 501 4358 ⁸
529 4330 801 4392 annuatim,
820 4329 877 4378 in
916 4345 949 4379 a
984 4329 1116 4380 later
1136 4330 1289 4394 hand,
1314 4333 1419 4381 and
1508 4333 1681 4381 erased
1702 4332 1804 4382 aud
1841 4331 2113 4381 rewritten.
2189 4332 2443 4400 Probably
2473 4337 2520 4387 it

408 4413 507 4458 not
524 4407 583 4458 in
603 4409 667 4458 B.
1506 4425 1616 4462 was
1638 4412 1893 4476 octoginta.
1941 4413 2080 4463 Here
2101 4415 2208 4466 also
2221 4417 2265 4466 it
2286 4417 2406 4468 does
2425 4424 2520 4469 not

480 4487 502 4516 ⁴
520 4494 784 4550 marcam,
806 4487 865 4540 O.
1508 4504 1662 4540 occur
1682 4489 1739 4538 in
1763 4491 1822 4544 C.

482 4565 1416 4632 *pannuminalaterhandin0.,
1574 4570 1593 4598 ¹
1634 4571 1681 4620 ὃς
1716 4570 1738 4600 ⁸
1769 4570 1826 4620 in
1863 4586 1896 4620 a
1937 4571 2066 4623 later
2098 4573 2253 4637 hand,
2288 4578 2388 4628 and
2424 4585 2517 4630 not

402 4642 517 4693 and
536 4651 628 4696 not
648 4643 701 4694 in
724 4644 788 4696 Β.
1508 4649 1563 4698 in
1584 4647 1647 4699 B.

2117 4753 2248 4803 EE
