3466 5635
706 873 899 923 mm
943 872 1407 923 cAncsLLAmr
1454 875 1539 923 m*
1584 875 2162 929 mosum-ronchi.
2345 865 2472 929 435

352 1070 496 1113 non
568 1050 685 1115 alii
748 1073 947 1137 quam
1012 1051 1318 1138 Magistri
1384 1050 1747 1116 clericalem
1821 1054 2065 1115 sectam
2141 1049 2234 1115 sic
2310 1051 2475 1117 inci·
2505 1076 2608 1120 who
2625 1079 2803 1139 πωροι
2819 1089 2884 1129 no,

356 1150 617 1237 pientes
638 1150 657 1187 ¹
710 1154 1011 1218 deferant
1054 1152 1427 1240 sumptibus
1474 1152 1852 1240 inceptoris,
1884 1152 2018 1217 nisi
2069 1151 2279 1217 eidem
2329 1174 2481 1217 con·
2505 1128 2895 1224 {fflfflssffieir

356 1254 707 1341 sanguinei
749 1254 999 1322 fuerint
1027 1256 1135 1322 vel
1179 1255 1405 1323 affines
1424 1254 1451 1291 ²
1496 1256 1862 1333 domestici,
1906 1254 2017 1319 vel
2045 1255 2485 1321 communiter
2506 1228 2781 1281 ino-spuens.

358 1357 827 1423 commensales
852 1383 871 1438 ;
916 1382 993 1424 ac
1022 1359 1202 1445 quod
1242 1358 1511 1423 clericus
1554 1362 1791 1445 potens
1823 1356 2196 1444 expendere
2239 1357 2481 1443 viginti

356 1458 566 1523 libras
610 1460 1091 1547 sterlingorum,
1127 1463 1331 1547 juxta.
1388 1482 1619 1527 verum
1664 1460 1954 1525 valorem
2003 1464 2327 1531 terrarum
2373 1461 2482 1527 vel

356 1561 763 1640 reddituum,
808 1563 1100 1649 pallium,
1131 1563 1243 1629 vel
1286 1564 1515 1628 robam
1560 1562 1635 1627 in
1682 1563 1897 1627 aliena
1943 1562 2317 1648 inceptione
2345 1586 2480 1628 non

358 1662 619 1727 deferat
646 1664 1015 1751 sumptibus
1042 1664 1296 1744 alieniS,
1326 1666 1456 1730 nisi
1500 1665 1721 1729 forsan
1765 1665 1907 1750 ipse
1951 1665 2249 1750 inceptor
2275 1664 2480 1731 fuerit

356 1770 522 1829 tunc
551 1764 890 1852 incipiens,
905 1768 1014 1831 vel
1042 1767 1285 1852 aliquis
1330 1768 1502 1833 alius
1532 1771 1697 1833 tunc
1724 1767 2047 1853 inceperit
2075 1766 2200 1831 sub
2230 1768 2474 1833 eodem.

354 1866 553 1930 Idem
598 1867 817 1948 etiam,
849 1869 1067 1954 quoad
1098 1868 1496 1934 delationem
1515 1870 1542 1907 ³
1571 1870 1881 1934 robarum
1910 1890 1988 1933 ac
2031 1868 2249 1955 quoad
2293 1870 2476 1935 valo-

352 1990 499 2033 rem
542 1968 941 2047 reddituum,
986 1971 1059 2034 in
1119 1971 1780 2037 determinationibus
1840 1972 1922 2035 de
1965 1972 2346 2057 quaestione,
2393 1972 2476 2038 de

348 2071 906 2156 raeponsiombuS‚
950 2094 1027 2138 ac
1069 2074 1511 2160 cujuscunque
1554 2073 1799 2161 gradus
1857 2074 2106 2159 accepti
2157 2075 2266 2139 vel
2309 2076 2474 2140 acci-

350 2172 582 2258 piendi
643 2173 997 2253 occasione,
1043 2176 1118 2240 in
1162 2176 1535 2261 sumptibus
1580 2176 2004 2262 apponendis,
2038 2174 2215 2261 quod
2257 2175 2330 2239 in
2371 2177 2473 2240 in-

348 2274 767 2360 ceptionibus
812 2277 1111 2363 superius
1156 2283 1257 2343 est
1299 2278 1727 2364 praemissum,
1759 2278 2023 2364 penitus
2070 2277 2472 2357 observetur,

351 2374 479 2441 hoc
524 2384 817 2463 except0‚
866 2380 1042 2466 quod
1104 2378 1179 2445 in
1240 2380 1421 2445 omni
1481 2385 1637 2445 actu
1684 2380 1801 2466 qui
1848 2401 1978 2444 non
2028 2385 2131 2444 est
2182 2380 2470 2467 inceptio

356 2477 753 2545 Bachilariis
797 2503 935 2547 una
980 2503 1130 2547 cum
1177 2482 1519 2569 Magistris
1562 2482 1763 2547 liceat
1779 2480 1807 2518 ⁴
1854 2485 2103 2547 sectam
2147 2482 2332 2547 ferre.

424 2778 439 2808 ¹
468 2778 762 2845 incipientis,
786 2780 847 2834 B.
1522 2786 1542 2815 ⁸
1566 2801 1659 2849 quo
1681 2782 2016 2849 adelationem,
2034 2787 2097 2837 B.
2121 2787 2222 2838 and
2245 2786 2303 2839 C.

422 2857 597 2921 ’fiam
619 2858 681 2910 B.
1523 2867 1541 2894 ⁴
1565 2863 1800 2928 licentiat,
1823 2866 1937 2918 MS.
