3466 5635
749 827 880 892 556
1311 836 1493 894 AorA
1535 837 1772 895 cunm:
1820 839 2298 895 cmcmmnn.

687 1074 692 1080 -
737 1028 906 1116 palis
955 1029 1127 1096 aulae
1157 1033 1408 1096 vocatae
1440 1035 1481 1066 “
1501 1029 1865 1098 Adulstcm
1909 1031 1989 1097 H
1982 1029 2173 1110 alle,''
2218 1049 2339 1117 pro
2383 1028 2837 1095 subtractione

734 1132 1067 1219 pensionis
1097 1133 1440 1219 cujusdam
1483 1139 1783 1200 camerae‘
1805 1133 1981 1199 infra
2005 1133 2253 1200 dictam
2301 1131 2521 1197 aulam
2566 1131 2835 1196 situatae

734 1256 853 1321 pro
897 1235 1115 1302 tribus
1157 1237 1480 1316 terminis,
1525 1236 1836 1304 videlicet
1878 1241 2130 1324 septem
2174 1233 2530 1301 solidorum
2560 1255 2679 1300 sex
2724 1233 2839 1298 de·

732 1337 1110 1420 nariorum3
1169 1343 1239 1404 et
1287 1339 1464 1404 idem
1511 1334 1879 1405 Rollandus
1922 1339 2281 1419 fatebatur,
2326 1341 2397 1403 et
2440 1337 2836 1403 condemna-

732 1439 936 1505 batur
965 1440 1215 1507 solvere
1244 1441 1421 1508 infra
1449 1447 1600 1508 octo
1629 1441 1789 1523 dies,
1821 1443 1945 1508 sub
1970 1463 2175 1529 poena
2199 1439 2374 1527 juris
2402 1443 2831 1518 statutorum,

733 1546 804 1607 et
833 1544 925 1609 sic
957 1541 1230 1627 juravit,
1263 1545 1463 1609 tactis
1507 1547 1952 1624 sacrosanctis,
1984 1543 2421 1632 praesentibus
2448 1547 2611 1608 tunc
2637 1555 2837 1606 vene-

732 1644 929 1710 rabili
975 1645 1296 1732 Magistro
1341 1645 1389 1712 J
1391 1649 1651 1713 ohanne
1698 1647 2047 1733 Moddray‚
2094 1646 2340 1712 artium
2388 1643 2731 1732 Magistro,
2764 1646 2836 1708 et

733 1746 834 1812 W.
881 1747 1211 1834 Stevenys
1255 1748 1338 1814 de
1381 1751 1688 1837 parochia
1731 1749 1799 1818 S.
1848 1749 2209 1816 Clementis
2256 1749 2552 1814 Oxonise.

863 2105 928 2171 A
982 2105 1214 2173 barber
1259 2105 1691 2194 mprieoowd
1723 2106 1851 2194 fo‘r
1894 2107 2222 2194 speaking}
2266 2107 2543 2195 aqainst
2589 2106 2695 2174 the

1399 2209 1574 2296 office
1619 2207 1701 2295 of
1736 2207 1839 2276 the
1883 2209 2178 2278 Proctor.

344 2386 412 2436 A.
435 2399 512 2434 aa.
537 2389 616 2435 5⁵.
821 2365 1370 2448 Momm-amma,
1419 2367 1596 2452 quod
1661 2383 1839 2432 anno
1900 2365 2173 2433 Domini
2226 2366 2572 2433 millesimo
2624 2366 2829 2453 quad-

416 2481 558 2528 1446-
727 2471 1204 2558 ringentesimo
1281 2469 1789 2557 quadragesimo
1871 2473 2083 2549 sext0,
2156 2468 2550 2536 wilhelmus
2616 2468 2824 2546 Wite,

731 2573 1168 2652 barbitonsor,
1216 2571 1512 2659 legitime
1557 2572 1899 2638 convictus
1943 2573 2119 2659 quod
2166 2573 2410 2639 diceret
2468 2571 2674 2640 verba
2728 2591 2829 2636 re-

732 2675 1103 2764 pugnantia
1161 2678 1393 2741 contra
1453 2673 1740 2740 officium
1796 2673 2327 2754 -Procuratorum,
2385 2675 2828 2741 incarceratus

729 2779 877 2860 fuit,
911 2783 980 2845 et
1015 2778 1088 2844 in
1135 2799 1254 2845 sua
1303 2777 1696 2844 liberatione
1748 2775 1906 2843 fecit
1950 2777 2359 2858 fidelitatem,
2400 2777 2829 2845 sacrosanctis

727 2882 926 2948 tactis
962 2881 1344 2969 evangeliis,
1378 2880 1850 2963 Universitati‚
1882 2880 2061 2967 quod
2092 2888 2262 2948 esset
2290 2880 2505 2947 fidelis
2538 2880 2827 2947 Univer-

725 2984 912 3049 sitati
956 2984 1160 3051 verbo
1205 2986 1274 3049 et
1319 3002 1528 3069 opere.

828 3296 893 3363 A
946 3294 1375 3365 book-mr
1416 3293 1851 3383 imfflsomd
1879 3292 2002 3380 for
2046 3316 2093 3359 α
2135 3292 2418 3363 similar
2461 3290 2717 3382 offeme.

814 3464 1008 3544 Item,
1040 3463 1269 3529 eodem
1298 3484 1492 3540 ann0‚
1513 3461 1797 3527 Thomas
1829 3468 1867 3495 “
1888 3460 2319 3547 Bokebynder
2340 3460 2378 3487 ''
2408 3462 2489 3528 de
2518 3470 2554 3497 “
2580 3462 2807 3549 Oatys-

727 3564 974 3646 street?
1037 3562 1334 3654 legitime
1401 3564 1744 3629 convictus
1807 3563 1986 3650 quod
2046 3562 2222 3630 dixit
2267 3562 2444 3650 quod
2498 3560 2710 3649 Major
2754 3567 2821 3628 et

725 3669 959 3735 villani
1021 3690 1158 3734 non
1219 3672 1438 3733 essent
1502 3666 1827 3753 posterius
1876 3666 2090 3751 jurati
2150 3661 2619 3748 Universitati,
2682 3670 2825 3733 erat

723 3774 1182 3849 incarceratus,
1245 3776 1314 3835 et
1373 3770 1447 3835 in
1506 3790 1628 3835 sua
1685 3766 2162 3835 deliberatione
2204 3768 2365 3835 feeit
2421 3766 2825 3835 consimilem

723 3874 1134 3942 fidelitatem.

1045 4166 1110 4233 A
1163 4164 1360 4233 balam·
1403 4161 1837 4253 v'mzprisomd
1868 4162 1989 4251 for
2018 4162 2200 4251 false
2243 4162 2499 4251 wmzyht.

275 4342 704 4411 marchatum.
815 4328 900 4394 M
896 4328 1366 4407 emorandawn,
1396 4328 1574 4414 quod
1604 4327 1652 4394 J
1654 4329 1945 4393 ohannes
1976 4326 2275 4394 Bernard
2304 4332 2448 4396 erat
2477 4326 2821 4395 convictus

726 4434 994 4522 propter
1029 4429 1358 4496 defectum
1393 4428 1701 4515 ponderis
1744 4430 1935 4517 panis
1980 4431 2223 4517 equini,
2270 4435 2340 4496 et
2382 4432 2826 4498 incarceratus

723 4535 799 4601 in
844 4531 1156 4613 Booardo,
1205 4536 1274 4596 et
1316 4531 1612 4618 perdidit
1656 4554 1911 4618 panem,
1942 4554 2117 4597 anno
2162 4532 2441 4598 Domini
2472 4532 2826 4599 millesimo

725 4634 1376 4724 quadringentesimo
1405 4634 1903 4721 quadragesimo
1932 4640 2139 4714 sexto,
2168 4637 2410 4701 mensis
2442 4635 2673 4701 Martii
2718 4637 2826 4701 die

724 4739 1036 4805 vicesimo
1079 4737 1309 4825 primo.
