3466 5635
1070 841 1467 892 amm-mum
1511 839 2072 890 convocflmms.
2494 825 2620 894 735

652 1051 1078 1120 Pamissz'on
1121 1059 1186 1118 to
1230 1051 1424 1119 write
1469 1061 1503 1086 “
1527 1051 1745 1118 lettere
1788 1051 1865 1138 of
1900 1017 2001 1118 the
2060 1049 2514 1137 Uvziversity.'’

622 1193 816 1274 Item,
862 1193 1088 1260 eodem
1136 1193 1242 1258 die
1305 1213 1604 1258 concessa
1666 1197 1808 1256 erat
1868 1190 2085 1278 gratia
2146 1191 2451 1256 omnibus
2498 1189 2623 1254 Re·
2738 1204 2807 1256 A.
2831 1219 2875 1254 a.
2901 1208 2981 1256 69.

533 1296 858 1382 gentibue,
919 1295 1094 1381 quod
1160 1295 1357 1360 liccat
1418 1293 1690 1359 cuilibet
1757 1314 1983 1358 eorum
2051 1293 2329 1358 scribere
2396 1292 2620 1356 literas
2644 1289 3072 1350 Nov.18,1452.

533 1398 1038 1484 regratiatorias,
1072 1393 1675 1475 commendatoriae,
1714 1398 1784 1459 et
1814 1394 2290 1460 testimoniales
2338 1393 2621 1460 dominis

532 1505 602 1564 et
660 1499 1051 1564 dominabus
1109 1497 1287 1563 infra
1343 1519 1620 1585 regnum
1682 1496 1945 1582 Angliae
2008 1506 2075 1562 et
2138 1502 2329 1562 extra
2400 1496 2621 1572 libere,

533 1601 1068 1686 quotiescumque
1114 1599 1206 1666 eis
1250 1599 1589 1686 placuerit,
1638 1598 1855 1684 sigillo
1904 1598 2237 1664 communi
2270 1597 2617 1664 Universi-

529 1703 691 1768 tatis
735 1703 1126 1790 sigillandas.

859 1889 1253 1978 Pecuniam
1293 1895 1506 1976 yram}
1551 1895 1614 1954 to
1659 1889 1764 1955 the
1810 1889 1883 1954 N
1880 1911 1974 1955 ew
2018 1888 2297 1956 Schools.

621 2015 671 2081 I
665 2023 810 2096 tem,
856 2017 1085 2084 eodem
1130 2017 1238 2082 die
1284 2016 1720 2081 deliberatum
1766 2021 1910 2080 erat
1964 2039 2079 2103 per
2126 2017 2477 2103 Magistros
2520 2038 2620 2082 re·
2738 2023 2805 2074 A.
2830 2037 2875 2074 a.
2900 2025 2980 2074 ⁷⁰·

532 2125 778 2205 gentes,
831 2118 1008 2206 quod
1056 2118 1278 2184 decem
1332 2139 1566 2184 marcae
1611 2120 1833 2183 essent
1878 2117 2257 2184 deliberatae
2303 2119 2621 2205 Magistro

534 2221 883 2287 Wilhelmo
929 2221 1244 2299 Olim-che,
1310 2220 1706 2307 supervisori
1750 2219 2015 2285 fabricae
2058 2241 2381 2284 novarum
2440 2221 2622 2286 scho-

529 2325 740 2388 larum
807 2345 1006 2390 sacrae
1068 2323 1434 2410 theologiae,
1493 2321 1576 2387 de
1638 2345 1897 2386 summa
1957 2321 2397 2408 quadraginta
2454 2344 2624 2388 mar-

531 2448 756 2492 carum
799 2449 917 2514 pro
963 2426 1116 2492 aula
1163 2425 1415 2491 Bedelli
1460 2429 1870 2511 receptarum
1913 2424 2001 2488 ad
2046 2446 2209 2511 opus
2268 2425 2622 2490 earundem

533 2527 1090 2594 continuandum:
1186 2528 1276 2592 Et
1343 2527 1569 2592 eodem
1632 2527 1739 2592 die
1784 2549 1978 2613 super
2022 2525 2143 2592 hoc
2187 2526 2621 2592 deliberatum

533 2635 649 2711 est,
681 2631 856 2716 quod
901 2630 1266 2696 solveretur
1295 2631 1376 2695 de
1418 2629 1644 2694 eadem
1690 2651 1947 2693 summa
1976 2627 2195 2694 decem
2236 2651 2619 2710 marcarum,

533 2732 884 2797 Wilhelmo
915 2732 1373 2813 Fethurstone‚
1407 2732 1732 2796 dictarum
1778 2730 2146 2796 scholarum
2192 2733 2617 2819 carpentariO,

533 2858 651 2922 pro
683 2835 906 2902 debito
951 2836 1062 2901 Un
1071 2834 1430 2900 iversitatis
1475 2839 1768 2921 tempore
1823 2834 2125 2921 Magistri
2180 2834 2452 2922 Cowper
2495 2836 2619 2901 sibi

535 2938 917 3014 indebitatO,
966 2943 1164 3023 prout
1205 2937 1276 3001 in
1306 2936 1590 3022 quadam
1630 2936 1791 3001 billa
1829 2936 2149 3001 antedicti
2181 2937 2621 3004 Fethurstone

535 3038 826 3127 plenarie
857 3038 1249 3120 continetur,
1283 3038 1592 3103 videlicet
1621 3042 1758 3103 tres
1787 3037 1993 3117 librae,
2027 3038 2158 3104 duo
2206 3040 2419 3121 solidi,
2451 3062 2622 3105 unus

533 3142 855 3207 denarius,

845 3330 909 3395 A
945 3328 1084 3414 day
1124 3326 1416 3415 mamad
1457 3334 1522 3394 to
1566 3326 1666 3393 all
1708 3328 1963 3413 Reyent
2004 3326 2307 3395 Masters.

637 3460 953 3527 Vicesimo
1013 3460 1122 3526 die
1181 3458 1597 3540 Novembris,
1659 3481 1999 3525 concessus
2060 3467 2203 3527 erat
2261 3482 2433 3526 unus
2491 3462 2629 3527 dies
2719 3473 2785 3523 A.
2808 3488 2854 3523 a.
2898 3500 3009 3512 Ψ-

542 3563 844 3627 omnibus
887 3562 1318 3648 Regentibu3‚
1369 3561 1491 3626 sub
1535 3560 1666 3626 ista
1714 3561 2105 3641 conditione,
2156 3561 2334 3648 quod
2386 3584 2628 3650 expen-

541 3666 738 3731 datur
780 3667 948 3731 citra
988 3664 1230 3729 festum
1278 3664 1344 3727 N
1347 3663 1522 3727 atale
1564 3661 1855 3729 Domini.

765 3878 1072 3947 Funeral
1115 3880 1193 3966 os
1227 3878 1305 3944 H
1300 3878 1632 3967 κηφῆνες]
1676 3876 1867 3945 Dulce
1911 3878 1988 3965 of
2026 3877 2407 3948 Gloucester.

636 4027 882 4093 Eodem
938 4026 1045 4092 die
1091 4024 1449 4103 Februarii,
1503 4025 1935 4091 deliberatum
1988 4028 2089 4090 est
2136 4048 2251 4113 per
2306 4026 2631 4113 Regentcs
2750 4053 2817 4103 A.
2842 4068 2885 4102 a„
2913 4056 2990 4103 71.

545 4154 665 4218 pro
712 4128 1016 4216 expensis
1067 4130 1238 4195 circa
1300 4128 1610 4213 exequias
1677 4126 1862 4193 ducis
1930 4127 2371 4208 Gloucestriae,
2418 4130 2633 4196 Hum-
2703 4136 2837 4188 A-D.
2868 4140 2992 4185 1452
3016 4134 3041 4184 ἰ’

547 4232 728 4299 fredi.

621 4424 682 4488 Α
683 4421 1120 4510 ppm'sntmcnt
1165 4422 1243 4508 of
1279 4418 1621 4486 Auditors
1665 4419 1748 4505 of
1786 4419 2127 4487 Oardv’mal
2170 4420 2547 4509 Beaufort's

1669 4520 1841 4589 wad.

637 4640 886 4705 Eodem
933 4639 1039 4705 die
1095 4520 1807 4725 deputamtfisti
1852 4636 2173 4705 Doctores
2219 4646 2288 4706 et
2336 4641 2637 4728 Magistri
2758 4650 2827 4703 A.
2850 4666 2897 4703 a.
2922 4654 3000 4704 72.

550 4743 637 4809 ad
682 4742 1089 4809 audiendum
1133 4746 1514 4827 computum
1551 4762 1958 4807 summarum
2002 4742 2515 4810 deliberaturum
2560 4746 2641 4809 de
2665 4734 2815 4799 A1³¹'fl
2841 4741 3087 4799 2⁹21453·

2242 4848 2283 4911 3
2329 4860 2376 4910 A
