3466 5635
918 834 1051 895 414
1244 844 1437 895 LIBRI
1484 842 1938 897 CANOELMRH
1982 846 2072 897 m·
2105 844 2692 900 PROCURATORUM.

1006 1021 1195 1101 Item,
1224 1018 1382 1139 libri
1414 1029 1445 1057 “
1469 1020 1928 1089 Meteoromm
1946 1019 1983 1051 ”
2011 1023 2372 1089 audiantur
2393 1042 2514 1110 per
2539 1044 2754 1090 unum
2785 1022 3014 1099 termi-

914 1146 1074 1190 num
1118 1146 1297 1190 amu.

1000 1272 1095 1337 Et
1137 1294 1361 1340 omnes
1402 1272 1518 1340 isti
1563 1274 1736 1356 libri,
1781 1278 1852 1341 et
1895 1296 2122 1341 omnes
2165 1272 2282 1340 alii
2309 1276 2423 1364 qui
2455 1280 2615 1341 sunt
2659 1274 2742 1341 de
2767 1272 3001 1353 forma,

906 1376 1213 1464 legantur
1255 1378 1329 1442 in
1372 1376 1625 1455 scholis,
1689 1380 1760 1442 et
1799 1377 1932 1445 rite
1976 1377 2340 1445 secundum
2398 1378 2810 1467 exigentiam
2863 1400 3004 1445 ma-

906 1478 1109 1547 teriae.

1038 1679 1291 1747 Forma
1338 1678 1603 1765 leyendfz
1647 1686 1707 1745 et
1752 1676 2174 1765 disputem&
2215 1678 2737 1767 {amptum-oman
2779 1680 2866 1746 in

1793 1778 2105 1848 Artibus.

454 1933 551 1977 'rho
524 1943 631 1987 οιιιι
598 1933 723 1978 uebli
737 1933 867 1979 md-
991 1920 1331 2009 Incepturi
1391 1920 1711 2008 siquidem
1775 1922 1850 1987 in
1891 1921 2168 2001 artibus,
2231 1928 2588 2009 antequam
2652 1922 2991 1989 licentiam

453 1985 844 2179 ἶὲἨεῖξξιέΞοξὲ
901 2025 1249 2092 obtineant
1292 2024 1654 2113 incipiendi
1696 2028 1766 2091 et
1809 2024 2074 2112 legendi
2116 2026 2190 2090 in
2234 2024 2460 2091 eadem
2503 2024 2836 2105 facultate,
2881 2025 2996 2091 ali-

482 2139 661 2181 eanum
680 2138 805 2181 Arta·
899 2151 1097 2216 quem
1134 2127 1379 2195 librum
1422 2128 1822 2209 Aristotelis,
1883 2132 2153 2194 textum
2199 2128 2521 2215 ‘videlicet
2577 2150 2732 2194 cum
2791 2149 3002 2214 quaes-

898 2233 1211 2310 tionibus,
1239 2233 1315 2296 in
1358 2231 1593 2299 scholis
1634 2230 1919 2319 publicis
1961 2232 2093 2297 rite
2135 2230 2376 2319 legant,
2405 2238 2478 2298 et
2521 2231 2755 2297 saltem
2799 2230 2996 2297 semel

898 2334 1342 2422 respondeant
1405 2333 1605 2399 alicui
1660 2332 1988 2421 Magistro
2052 2333 2128 2398 in
2187 2332 2426 2399 scholis
2491 2333 2864 2421 disputanti
2925 2333 2997 2397 in

900 2438 1129 2504 eadem
1170 2436 1487 2505 facultate
1530 2435 1604 2502 in
1650 2434 2106 2523 disputatione
2147 2436 2442 2503 solemni.

580 2710 647 2761 D·
675 2716 718 2761 1·
1036 2708 1290 2775 Fo‘ema
1332 2708 1621 2775 illoram
1664 2708 1793 2795 qui
1834 2705 2188 2795 i‘nceptwml
2231 2714 2395 2775 sunt
2437 2706 2526 2775 in
2567 2668 2880 2775 Artibus

447 2870 839 2974 wgsegeme·
992 2857 1383 2924 Praesentati
1426 2857 1514 2923 ad
1556 2857 2009 2944 incipiendum
2053 2857 2126 2921 in
2173 2857 2446 2938 artibus,
2490 2858 2550 2922 si
2592 2857 2780 2944 prius
2824 2879 2991 2923 onus

447 2973 685 3066 Tffmu
700 2972 751 3014 ιιι
896 2959 1487 3026 determinantium
1574 2959 1940 3036 subierunt,
2035 2958 2470 3046 supponimus
2541 2980 2654 3024 eos
2709 2959 2991 3025 formam

896 3062 1521 3128 determinatoribus
1582 3061 1908 3127 indictam
1953 3059 2282 3126 audiendo
2327 3060 2724 3148 complesse;
2767 3083 2846 3127 ae
2891 3063 2992 3126 in-

894 3186 1089 3253 super
1118 3164 1525 3230 Priscianum
1554 3185 1888 3250 magnum,
1910 3162 1969 3228 si
1998 3183 2152 3228 eum
2177 3162 2312 3249 legi
2341 3161 2720 3248 contigerit,
2745 3162 2989 3228 librum

898 3265 1488 3334 “Pobiticommn”
1516 3267 1625 3332 vel
1653 3265 1877 3332 decem
1905 3265 2160 3330 libros‘
2162 3265 2282 3330 ‘de
2309 3263 2797 3343 aavo‘tmabibusss'
2837 3287 2989 3331 con·

894 3371 1298 3437 numerando
1326 3370 1592 3436 libros‘
1596 3367 1711 3436 ‘de
1747 3365 2146 3454 promessu'
2147 3367 2323 3433 ’‘et
2328 3366 2450 3432 ‘de
2477 3373 2674 3434 ‘motu
2715 3367 2991 3435 amma-

896 3471 1136 3552 liwm?
1200 3472 1354 3538 M
1350 3470 1722 3549 eteorwwnz,
1724 3470 1763 3496 ''
1836 3469 2172 3556 librosque
2260 3469 2424 3535 alios
2491 3470 2847 3548 naturales,
2921 3474 2992 3535 et

890 3585 928 3612 “
972 3575 1289 3642 mium
1310 3574 1346 3599 ''
1376 3572 1758 3641 Aristotelis
1799 3572 2062 3638 audisse
2103 3572 2446 3659 complete.
2535 3571 2672 3652 Qui
2695 3593 2858 3638 vero
2885 3593 2988 3638 se-

888 3680 1181 3746 cundum
1238 3677 1521 3743 formam
1572 3674 2013 3741 determinare
2056 3673 2436 3740 volentibus
2495 3673 2857 3740 limitatam
2895 3675 2988 3740 ad

887 3778 1461 3848 determinandum
1492 3777 1678 3864 prius
1723 3798 1860 3842 non
1904 3775 2156 3841 fuerint
2199 3775 2486 3855 admissi,
2519 3775 2797 3842 ,firment
2839 3797 2986 3864 pro-

885 3886 1029 3973 prio
1062 3885 1461 3970 juramento,
1491 3878 1669 3968 quod
1716 3899 1939 3946 omnes
1985 3877 2186 3946 libros
2232 3878 2305 3942 in
2353 3877 2533 3943 dicta
2577 3877 2792 3944 forma
2837 3899 2988 3944 con-

884 3991 1107 4054 tentos
1136 3991 1277 4052 tam
1292 3985 1413 4050 diu
1432 3987 1592 4048 ante
1621 4003 1807 4047 suam
1830 3982 1917 4047 ad
1932 3978 2378 4068 incipiendum
2407 3981 2986 4068 praesentationem

884 4089 1143 4178 plenius
1170 4086 1546 4165 audierunt,
1575 4083 1754 4172 quod
1797 4083 1856 4149 si
1905 4088 2058 4171 post
2101 4082 2512 4149 auditionem
2555 4103 2784 4149 eorum
2813 4104 2987 4150 com-

884 4191 1133 4279 pletam
1174 4193 1397 4255 actum
1441 4185 1932 4254 determinandi
1969 4186 2252 4252 fuissent
2292 4185 2584 4272 aggressi
2605 4183 2626 4222 ¹
2669 4186 2987 4273 temporis

885 4292 1197 4371 brevitas,
1224 4290 1444 4355 minus
1486 4289 1799 4355 videlicet
1839 4288 2128 4354 triennio
2156 4288 2482 4376 completo
2507 4308 2738 4355 eorum
2765 4287 2982 4375 incep-

888 4393 1078 4474 tioni‚
1139 4392 1278 4460 sive
1321 4392 1505 4479 prius
1556 4389 2148 4457 determinaverint
2191 4390 2332 4456 sive
2375 4411 2530 4469 non,
2573 4389 2984 4477 proecedente

888 4493 1459 4562 determinationis
1516 4497 1686 4572 actu,
1744 4493 1803 4558 si
1846 4492 1934 4558 ad
1995 4491 2444 4581 incipiendum
2509 4490 2758 4558 fuerint
2819 4513 2984 4580 prae·

1484 4797 1499 4827 ¹
1524 4795 1730 4849 Suebis
1751 4795 1838 4847 the
1859 4797 2072 4862 reading
2092 4796 2155 4847 of
2177 4797 2266 4848 the
2287 4795 2400 4848 MS.
