3466 5635
321 1674 430 1719 And
446 1674 529 1719 the
539 1673 737 1717 Masters

320 1738 428 1778 may
443 1726 527 1769 not
544 1725 627 1768 the
600 1736 693 1768 em·

317 1776 413 1821 sclv
414 1788 613 1820 osi-evea
558 1775 729 1819 ealthc

319 1829 489 1871 nature
504 1826 692 1870 ortheir

321 1878 537 1922 testimon
508 1888 585 1929 n.y

540 3554 569 3598 5
606 3587 620 3600 .

452 3615 509 3668 C.
527 3621 610 3666 23.

317 3809 393 3854 An
410 3807 621 3853 scholare
644 3820 722 3852 arc

314 3859 513 3954 {bol-azan
516 3909 550 3952 d
564 3909 653 3952 lco-

320 3965 448 4004 tures
463 3959 693 4013 regularly

315 4010 708 4113 ’.ἑὲέῗὲᾞῌπ

315 4111 677 4156 excommunica-

316 4162 386 4206 tio
386 4175 431 4213 n,
450 4163 524 4206 &c-

780 793 912 855 426
1116 806 1305 855 unm
1349 806 1806 857 cmanLARu
1853 808 1938 856 ET
1985 806 2559 859 Pnocumroauu.

774 977 941 1063 quis,
1009 976 1450 1064 depositiones
1516 977 1988 1065 Magistrorum
2057 978 2167 1043 vel
2234 979 2514 1065 alicujus
2574 981 2882 1069 Magistri

773 1077 973 1144 alicui
1018 1080 1313 1145 revelent
1355 1078 1556 1146 verbo
1586 1079 1693 1145 vel
1730 1078 1922 1158 fact0,
1967 1084 2142 1145 nutu
2181 1082 2282 1147 vel
2331 1082 2536 1169 signo,
2583 1106 2881 1171 expresse
2971 1066 2984 1081 ⁵

776 1182 883 1247 vel
926 1183 1145 1249 tacite.

776 1408 974 1490 Quod
1017 1406 1357 1493 Mayistvi,
1392 1406 1566 1494 [nec]
1591 1405 1611 1443 ¹
1658 1412 1819 1472 ante
1863 1405 2317 1492 depositiones
2359 1428 2478 1475 ‘nec
2523 1416 2686 1494 post,
2717 1429 2882 1476 suas

1425 1508 1713 1575 ‘revelent
1758 1508 2216 1577 conscientias.

866 1659 1040 1741 Quia
1074 1660 1342 1747 insuper
1378 1659 1602 1746 aliqui,
1637 1660 1795 1725 dum
1831 1660 2123 1747 personis
2158 1659 2554 1748 quibusdam
2599 1662 2878 1727 nimium

773 1762 1031 1849 placere
1098 1763 1426 1840 nituntur,
1480 1762 1828 1848 aliquoties
1885 1747 2247 1849 incepturis
2308 1765 2416 1829 vel
2475 1786 2698 1830 eorum
2765 1785 2880 1830 ne-

773 1866 957 1951 gotia
998 1864 1522 1951 procurantibus,
1573 1865 1795 1950 quoad
1855 1864 2330 1951 depositionem
2393 1888 2577 1931 suam
2624 1889 2742 1954 pro
2788 1868 2880 1931 eis

773 1968 1141 2033 faciendam
1206 1967 1315 2032 vel
1391 1966 1673 2032 forsitan
1747 1967 2216 2053 denegandam,
2269 1972 2573 2055 patenter
2659 1969 2875 2056 expri-

774 2077 967 2136 munt
1034 2070 1238 2134 animi
1299 2070 1404 2135 sui
1468 2075 1743 2147 motum,
1811 2074 1933 2133 aut
1996 2070 2184 2147 forte,
2255 2072 2433 2156 quod
2496 2070 2688 2151 absit,
2758 2093 2877 2187 pro

772 2172 883 2237 sav
888 2194 997 2237 ore
1056 2172 1399 2258 captand0‚
1448 2172 1714 2258 fingunt
1773 2193 1841 2237 se
1903 2170 2240 2237 dicturos²
2300 2172 2482 2238 aliud
2535 2195 2731 2259 quam
2777 2173 2878 2237 in·

767 2273 1071 2355 tendunt,
1120 2274 1204 2339 ob
1271 2295 1469 2359 quam
1532 2273 1667 2351 alii,
1720 2274 1914 2339 certis
1975 2274 2200 2339 forsan
2268 2298 2352 2340 ex
2405 2276 2632 2354 causis,
2703 2276 2877 2362 quod

766 2377 999 2455 sciunt,
1066 2376 1362 2457 credunt,
1423 2381 1545 2441 aut
1607 2376 1950 2443 aestimant
2009 2376 2440 2443 consimiliter
2505 2385 2879 2445 recusantes

767 2480 1147 2565 exprimere,
1225 2478 1684 2565 incipientium
1757 2478 1982 2544 odium
2056 2479 2436 2565 frequenter
2509 2479 2874 2561 incurrunt,

767 2587 1043 2647 noscant
1087 2581 1169 2647 de
1215 2588 1427 2647 cetero
1482 2580 1791 2667 Magistri
1855 2602 2080 2647 omnes
2149 2582 2616 2670 cujuscumque
2673 2583 2873 2649 facul-

766 2684 945 2762 tatis,
1021 2706 1090 2749 se
1108 2682 1135 2720 ⁸
1174 2690 1179 2693 ’
1220 2684 1460 2749 arctari
1526 2684 1785 2749 virtute
1853 2690 1921 2750 et
1987 2683 2382 2751 auctoritate
2455 2686 2716 2765 statuti,
2791 2709 2876 2753 ne

765 2788 1047 2853 scienter
1076 2786 1237 2874 ipsis
1267 2786 1631 2874 inceptui-is
1672 2791 1793 2852 aut
1823 2808 2048 2852 eorum
2095 2789 2485 2868 fautoribus,
2529 2795 2681 2878 post
2725 2812 2875 2858 suas

764 2891 1204 2977 depositiones
1265 2894 1384 2954 aut
1458 2893 1631 2966 ante,
1709 2911 1862 2954 suas
1948 2891 2246 2958 revelent
2313 2894 2744 2959 conscientias
2805 2896 2878 2960 in

764 2992 1131 3081 praemissis.

851 3146 1045 3219 Item,
1092 3145 1266 3211 idem
1311 3145 1695 3211 observetur
1747 3146 1830 3210 de
1878 3145 2217 3232 Magistris
2261 3147 2538 3235 singulis
2583 3149 2872 3216 cuicum-

766 3271 893 3337 que
923 3269 1039 3313 seu
1067 3247 1561 3335 quibuscunque
1601 3252 1852 3314 secreta
1884 3247 2361 3315 Universitatis
2403 3252 2870 3322 revelantibus,

768 3528 1070 3598 Monitio
1120 3525 1542 3595 (lancellam
1592 3525 1932 3612 facienda
1995 3527 2428 3596 Scholamtbue
2492 3537 2572 3597 ut
2615 3533 2712 3600 ad
2757 3531 2876 3601 leo-

1083 3631 1299 3697 tiones
1342 3627 1749 3696 ordinams
1794 3629 2084 3697 veniant
2105 3629 2132 3666 ⁴
2175 3631 2572 3718 tempestive.
2647 3707 2654 3714 ,

857 3793 907 3858 I
899 3799 1043 3869 tem,
1109 3795 1333 3856 monet
1402 3787 1863 3866 cancellarius,
1907 3787 2029 3854 sub
2095 3810 2291 3875 poena
2353 3795 2875 3860 excommunica-

767 3895 969 3962 tionis
1036 3895 1109 3958 in
1166 3891 1535 3979 quamlibet
1601 3891 2211 3956 contravenientem
2271 3893 2576 3975 ferendae,
2637 3903 2708 3961 et
2751 3899 2874 3963 sub

766 4019 965 4086 poena
1024 3995 1417 4062 exclusionis
1477 4016 1518 4058 a
1586 3993 1902 4060 comitiva
1965 3993 2374 4060 Scholarium
2439 4018 2589 4062 cum
2635 3998 2876 4084 quibus

766 4111 1075 4179 moratur,
1108 4102 1177 4164 et
1221 4096 1589 4163 amissionis
1634 4095 2134 4183 privilegiorum
2181 4097 2602 4164 Scholaribns
2655 4101 2875 4167 indul-

768 4209 1005 4280 torum,
1054 4201 1234 4288 quod
1278 4199 1558 4287 quilibet
1620 4197 1948 4264 Scholaris
2017 4199 2092 4262 in
2136 4199 2459 4266 facultate
2510 4203 2754 4268 artium
2797 4207 2873 4270 in

770 4303 1062 4393 quolibet
1107 4303 1215 4368 die
1266 4302 1519 4389 legibili
1561 4301 1910 4368 lectionem
1957 4323 2143 4367 suam
2188 4303 2592 4370 ordinariam
2622 4308 2872 4388 audiat,

772 4414 839 4474 et
882 4407 1273 4494 tempestive
1305 4405 1487 4471 omni
1532 4405 1642 4470 die
1670 4405 1758 4470 ad
1803 4407 2084 4492 primam
2129 4405 2482 4472 lectionem
2510 4409 2761 4492 veniat,
2807 4416 2876 4476 et

1479 4579 1673 4586 ————-—.
1692 4581 1735 4585 ---
1750 4580 1901 4586 --.---,--
1926 4579 2089 4584 —-—-—
2134 4579 2188 4584 --
2209 4579 2231 4583 —
2260 4579 2270 4584 -
2292 4580 2315 4584 ,.-
2375 4581 2495 4586 -,,,-,

836 4684 850 4714 ¹
880 4679 993 4731 Nec
1016 4687 1109 4730 not
1122 4679 1177 4730 in
1196 4677 1283 4730 the
1304 4676 1459 4730 Mss.
1936 4678 1955 4707 ⁸
1977 4693 2044 4738 se,
2067 4676 2278 4728 omitted
2297 4677 2354 4728 in
2375 4677 2443 4730 Β.

832 4760 854 4792 ¹
876 4759 1112 4821 ductores,
1133 4757 1197 4808 B.
1936 4756 1955 4786 ⁴
1979 4756 2214 4818 veniendi,
2235 4756 2299 4809 B.
2321 4759 2424 4808 and
2445 4757 2504 4810 C.
