3466 5635
1096 813 1274 864 ACTA
1320 815 1553 865 cumAE
1600 815 2078 868 cANCELLARn.
2511 803 2635 874 671.

674 1032 802 1100 The
834 1035 967 1101 last
1008 1035 1167 1103 Will
1208 1035 1355 1102 and
1403 1037 1777 1104 Testament
1822 1037 1904 1124 os
1941 1037 2181 1104 Docto-2·
2231 1037 2517 1104 Thomas

1403 1139 1781 1224 Gaecoiqne.

628 1273 727 1339 In
784 1274 1071 1340 ommim
1098 1309 1107 1316 ·
1131 1275 1261 1341 Dei
1320 1275 1827 1363 omnipotentis,
1889 1275 2130 1342 Patris
2189 1284 2248 1343 et
2325 1275 2508 1343 Filii
2569 1283 2627 1344 et
2726 1288 2794 1340 A.
2819 1303 2895 1339 aa.
2924 1292 3035 1340 166.

540 1375 850 1463 Spivdtus
910 1377 1195 1460 Sancti;
1270 1379 1428 1464 Eyo,
1492 1380 1780 1444 Thomas
1859 1379 2240 1466 Gascoigne,
2317 1380 2496 1446 filius
2563 1386 2632 1446 et
2657 1375 3095 1436 Marchlzuw.

541 1483 745 1550 haeres
777 1484 1028 1550 domini
1058 1486 1337 1553 manerii
1378 1487 1459 1552 de
1490 1486 1835 1566 Hunslett,
1867 1487 1941 1551 in
1987 1487 2306 1552 comitatu
2338 1487 2634 1564 Eboraci,

539 1592 809 1653 vocatus
870 1588 1168 1654 sacerdos
1244 1593 1313 1654 et
1376 1589 1603 1656 doctor
1668 1588 2033 1676 theologiae,
2077 1588 2288 1656 condo
2349 1595 2409 1654 et
2441 1589 2636 1676 facio

539 1695 1011 1758 testamentum
1052 1713 1281 1758 'meum
1325 1696 1395 1758 et
1452 1691 1759 1757 ultimam
1823 1691 2240 1758 voluntatem
2285 1714 2500 1758 meam
2562 1693 2634 1758 in

542 1791 663 1859 hac
706 1794 870 1874 vita,
916 1794 1114 1860 modo
1160 1795 1275 1880 qui
1320 1795 1632 1880 sequitur.

625 1896 725 1962 I‘n
760 1895 1041 1982 primia
1089 1903 1247 1984 opto
1293 1902 1359 1964 et
1411 1896 1710 1962 desidero
1757 1918 1842 1962 ex
1904 1897 2283 1982 praecordiis
2345 1899 2632 1963 animam

538 2019 751 2064 meam
818 1999 1036 2065 afferri
1100 2000 1173 2064 in
1224 2021 1457 2065 manus
1527 1999 1654 2064 Dei
1705 1998 2192 2085 omnipotentie,
2243 2022 2362 2086 per
2414 2002 2634 2065 omnia

540 2100 776 2168 merita
803 2101 850 2169 J
852 2124 969 2167 esu
998 2101 1265 2182 Christi,
1290 2107 1359 2167 et
1380 2101 1786 2168 Beatissimae
1807 2101 2036 2167 Mariae
2057 2123 2314 2189 semper
2335 2102 2634 2192 Virginis

540 2204 668 2269 Dei
745 2204 1116 2284 GenitriciS,
1192 2204 1256 2272 S.
1333 2205 1515 2271 Petri
1608 2204 1910 2292 apostoli,
1988 2204 2364 2268 Beatissimi
2440 2204 2631 2270 Pauli

540 2307 835 2395 apostoli,
866 2329 943 2372 ac
979 2307 1264 2373 coelestis
1296 2307 1584 2374 doctoris
1614 2307 1662 2372 J
1666 2306 1984 2394 eronymi,
2031 2307 2094 2372 S.
2129 2306 2364 2372 Matris
2395 2309 2628 2388 Annae,

538 2407 602 2491 S.
672 2409 899 2478 Mariae
978 2410 1409 2498 Magdalenae,
1458 2409 1523 2476 S.
1595 2411 1906 2497 Brigittae
1975 2414 2316 2491 matronae,
2365 2415 2434 2476 et
2495 2434 2633 2478 om-

536 2512 719 2578 nium
766 2511 1159 2578 Sanctorum
1205 2518 1273 2579 et
1319 2534 1659 2580 servorum
1706 2512 1852 2578 Dei.

624 2615 675 2680 I
671 2621 815 2695 tem,
883 2616 968 2681 do
1032 2620 1101 2682 et
1167 2615 1313 2702 lego
1387 2637 1613 2682 omnes
1678 2615 1884 2682 libros
1958 2637 2136 2682 meos
2211 2617 2488 2703 scriptos
2560 2617 2632 2682 in

534 2720 782 2804 papiro,
844 2723 916 2784 et
981 2739 1205 2784 omnes
1271 2722 1627 2805 quaternos
1694 2740 1872 2784 meos
1939 2720 2217 2807 scriptos
2263 2719 2337 2785 in
2380 2719 2630 2807 papiro,

534 2823 927 2909 praedilectis
992 2822 1296 2911 patribus
1362 2844 1439 2889 ac
1502 2822 1667 2888 viris
1735 2822 2059 2909 religiosis
2146 2822 2634 2889 Londoniensis

535 2925 831 2992 dioecesis
876 2926 948 2990 in
980 2926 1380 2992 monasterio
1427 2924 1590 2991 Sion
1612 2926 1816 3012 juxta
1859 2926 2087 2991 villam
2117 2927 2199 2991 de
2243 2926 2629 3013 Braynford‚

537 3034 615 3093 ut
659 3030 797 3095 sint
840 3028 1089 3095 ibidem
1134 3030 1207 3094 in
1283 3035 1676 3116 perpetuum
1737 3029 1810 3093 in
1873 3050 2065 3097 usum
2125 3030 2501 3109 eorundem,
2563 3035 2632 3097 et

537 3131 688 3197 volo
746 3136 817 3197 et
875 3136 1032 3218 opto
1093 3131 1271 3218 quod
1328 3132 1644 3218 scriptum
1705 3153 1926 3197 meum
1987 3152 2102 3196 seu
2163 3154 2326 3219 opus
2409 3154 2629 3197 meum

536 3234 855 3321 scriptum
916 3256 1117 3300 manu
1174 3256 1323 3299 mea
1382 3234 1661 3321 propria,
1718 3234 1834 3320 qui
1891 3239 2168 3299 vocatur
2233 3241 2269 3271 “
2295 3234 2464 3301 liber
2514 3257 2632 3300 seu

534 3336 869 3423 sc‘mlptum
932 3336 1011 3402 de
1072 3335 1471 3403 veritatibus
1536 3359 1614 3403 ex
1679 3356 1876 3402 sacra
1942 3336 2287 3422 scriptum
2349 3336 2632 3404 collectis

536 3445 595 3504 et
654 3462 731 3505 ex
797 3438 1072 3525 scriptis
1133 3439 1546 3507 Sanctomtm
1590 3445 1648 3505 et
1710 3436 2116 3518 doctorum?
2159 3439 2485 3505 scribatur
2556 3440 2630 3505 in

534 3542 835 3607 vitulinis
866 3540 889 3579 ¹
934 3542 1042 3607 vel
1088 3543 1163 3607 in
1214 3563 1609 3630 pergameno
1670 3541 1976 3627 expensis
2027 3541 2317 3627 ejusdem
2377 3564 2631 3608 monas-

537 3646 706 3723 terii,
789 3649 857 3709 et
940 3644 1181 3710 habeat
1240 3645 1632 3732 praedictum
1715 3644 2191 3709 monasterium
2269 3648 2628 3732 utrumque

535 3769 715 3835 opus,
762 3745 1027 3827 scilicet,
1076 3768 1241 3835 opus
1300 3768 1519 3812 meum
1583 3746 1906 3834 scriptum
1965 3751 2036 3813 et
2097 3767 2260 3833 opus
2341 3768 2460 3834 per
2519 3770 2630 3813 eos

536 3850 969 3916 scribendum.

624 3951 818 4029 Item,
876 3952 1145 4017 notifico
1199 3952 1375 4037 quod
1434 3952 1605 4029 libri,
1660 3974 1823 4038 quos
1881 3951 2066 4038 prius
2124 3950 2278 4017 dedi
2339 3950 2628 4039 Collegio

532 4061 569 4091 “
596 4054 775 4120 Oriel
796 4054 829 4080 ’'
882 4054 955 4119 in
1006 4054 1284 4134 Oxonia,
1334 4062 1494 4121 sunt
1554 4056 1627 4119 in
1688 4054 1958 4119 libraria
2017 4052 2310 4138 ejusdem
2371 4052 2629 4142 collegii

532 4156 837 4237 catenati,
894 4162 1166 4244 excepto
1239 4156 1439 4223 Sooto
1506 4166 1542 4193 ‘·'
1559 4179 1765 4244 super
1840 4163 1971 4223 tres
2048 4155 2254 4221 libros
2313 4158 2628 4223 sementi-

535 4259 795 4336 arumss’
821 4281 1019 4345 quem
1063 4260 1307 4325 librum
1354 4260 1555 4327 habet
1601 4283 1688 4326 ex
1732 4264 1968 4326 mutuo
1997 4259 2316 4346 Magister
2345 4258 2628 4326 Thomas

534 4360 779 4442 Wiche,
848 4362 1059 4429 socius
1140 4362 1430 4447 ejusdem
1521 4362 1796 4450 collegii,
1865 4365 1935 4427 et
2011 4383 2207 4427 onero
2285 4360 2628 4449 collegium

533 4465 708 4550 quod
752 4487 1093 4551 nunquam
1151 4466 1556 4531 incistentur.
1648 4466 1871 4530 Etiam
1911 4464 2062 4530 volo
2124 4464 2300 4549 quod
2358 4465 2628 4550 praedic-

536 4570 678 4630 tum
726 4567 1071 4653 collegium
1132 4575 1350 4634 servet
1420 4573 1685 4656 pactum
1739 4588 1964 4633 eorum
2046 4587 2302 4632 mecum
2362 4566 2629 4646 sactum,

536 4696 569 4704 «—

1418 4755 1431 4785 ¹
1458 4746 1679 4809 vieilinis,
1697 4746 1813 4798 MS.

2217 4840 2268 4891 11
2313 4842 2364 4889 U
