3466 5635
369 2214 551 2268 March
561 2217 639 2276 2⁷,
654 2215 796 2268 1447.

438 3330 508 3382 A.
533 3343 608 3380 aa.
634 3334 714 3379 56.

408 3414 534 3479 May
561 3418 608 3472 6,
639 3415 783 3463 1447.

371 3501 412 3543 Α
427 3500 599 3543 ian-mer
614 3499 684 3542 in-

371 3550 544 3593 debted
559 3551 611 3592 to
626 3550 710 3593 the

370 3598 573 3643 Warden
587 3600 640 3642 os

371 3648 765 3743 {afflui-ge.

817 796 946 860 562
1363 804 1542 857 AcrA
1585 805 1819 856 cuma:
1865 800 2341 854 cmcsmnn.

813 992 1138 1059 servando
1167 991 1296 1058 sibi
1341 992 1424 1057 de
1467 991 1660 1056 bonis
1705 989 1871 1054 meis
1918 989 2367 1074 competenter
2413 1005 2533 1071 pro
2578 981 2919 1048 laboribus

815 1094 952 1159 suis
1011 1095 1180 1159 circa
1232 1094 1688 1159 executionem
1746 1090 2095 1178 praesentis
2154 1087 2540 1154 testamenti
2598 1085 2730 1150 mei
2790 1083 2915 1148 im·

814 1195 1221 1283 pendendis:
1271 1200 1341 1261 et
1398 1195 1583 1260 istud
1643 1197 2119 1260 testamentum
2177 1190 2468 1256 fideliter
2527 1184 2916 1273 exequendi,

817 1297 1160 1363 dominum
1179 1297 1545 1362 Robertum
1577 1296 1808 1377 Omne,
1832 1295 2311 1382 presbyterum,
2342 1296 2648 1378 nepotem
2678 1310 2917 1364 meum,

818 1401 1048 1466 ordino
1077 1404 1146 1465 et
1175 1399 1508 1464 constituo
1539 1403 1959 1464 executorem
1987 1417 2105 1481 per
2134 1397 2532 1481 praesentes3
2579 1392 2685 1456 his
2730 1389 2917 1456 testi-

818 1503 960 1580 bus,
982 1501 1304 1588 Magistro
1326 1499 1621 1565 Roberto
1642 1500 1883 1584 Dorcy,
1910 1497 2156 1577 cleri00‚
2176 1495 2251 1560 in
2267 1494 2525 1582 legibus
2541 1491 2916 1558 baccillario

817 1624 1074 1668 necnon
1135 1602 1400 1667 notario
1441 1601 1745 1688 publico;
1808 1598 2101 1665 Umiano
2162 1596 2440 1664 Cornew
2500 1599 2569 1661 et
2614 1592 2915 1660 ‘Galfrido

821 1705 1131 1790 Spargut,
1161 1701 1426 1782 clericis,
1455 1702 1745 1767 testibus
1772 1700 1859 1766 ad
1890 1689 2225 1787 praemissa
2252 1696 2507 1764 vocatis
2550 1693 2919 1780 specialiter

819 1810 890 1869 et
918 1803 1183 1890 rogatis.

1461 2021 1859 2088 Abcbtbction
1902 2022 1981 2107 of
2016 2044 2063 2089 α
2102 2021 2261 2107 yirl.

908 2199 993 2265 M
989 2197 1463 2278 emorcmdm,
1509 2199 1685 2284 quod
1711 2197 2154 2262 Cancellarius
2196 2197 2525 2263 commisit
2554 2197 2923 2284 specialiter

810 2302 1342 2390 jurisdictionem
1406 2299 1784 2386 inquirendi
1850 2300 1932 2364 de
1995 2303 2066 2364 et
2139 2321 2335 2384 super
2400 2296 2919 2364 subtractionem

819 2404 1156 2492 cujusdam
1203 2402 1456 2490 puellae,
1505 2401 1709 2465 Evele
1758 2399 1959 2480 Coke,
2008 2398 2350 2486 Magistris
2380 2399 2635 2464 Thoma
2665 2399 2919 2466 Chalke

820 2510 892 2572 et
959 2503 1261 2570 Galfrido
1337 2502 1700 2588 Hargreve‚
1782 2502 1961 2587 quod
2037 2500 2284 2566 crimen
2358 2501 2743 2588 impositum
2818 2504 2921 2566 est

823 2607 1144 2693 Magistro
1232 2603 1552 2668 Nicholao
1645 2603 1843 2679 Belle,
1923 2607 1991 2668 et
2066 2601 2496 2680 asserebatur,
2580 2623 2919 2689 quousque

818 2707 1172 2795 praedictus
1225 2703 1588 2770 Nicholaus
1633 2701 1816 2767 Belle
1858 2701 2059 2767 fuerit
2090 2703 2456 2770 declaratus
2486 2708 2556 2769 et
2583 2707 2921 2790 purgatus,

817 2831 994 2875 anno
1026 2805 1302 2872 Domini
1334 2805 1681 2871 millesimo
1724 2803 2374 2891 quadringentesimo
2420 2805 2923 2893 quadragesimo

818 2910 1117 2996 septimO,
1149 2908 1462 2974 vicesimo
1493 2906 1779 2994 septimo
1811 2905 1918 2971 die
1964 2906 2209 2973 Martii.

1415 3165 1730 3233 Promise
1776 3173 1841 3233 to
1879 3188 2024 3255 pay
2067 3190 2113 3233 a
2160 3166 2320 3234 debt.

911 3326 995 3392 M
990 3326 1467 3407 emoramdum,
1528 3327 1708 3413 quod
1750 3331 1941 3392 sexto
2006 3325 2115 3391 die
2179 3324 2423 3391 mensis
2485 3325 2671 3406 Maii,
2746 3350 2923 3394 anno

823 3428 1229 3517 supradictO,
1294 3428 1591 3515 Rogerus
1661 3427 2083 3515 Carpentare,
2128 3426 2460 3492 firmarius
2512 3428 2788 3494 dominii
2843 3431 2927 3496 de

827 3530 1200 3617 Halywelle
1229 3532 1304 3595 in
1333 3529 1642 3617 parochia
1671 3530 1733 3595 S.
1769 3530 1953 3593 Petri
1980 3528 2052 3593 in
2084 3528 2375 3607 Oriente,
2405 3529 2815 3599 indebitatus
2844 3539 2924 3598 ut

823 3633 1105 3699 asseruit
1167 3631 1446 3697 Custodi
1506 3630 1678 3695 aulae
1741 3630 2043 3695 Mertone
2094 3630 2167 3692 in
2230 3634 2378 3695 octo
2436 3629 2625 3696 libris
2646 3628 2665 3666 ¹
2728 3632 2922 3699 bonae

662 3762 688 3793 ο
726 3760 750 3793 n
827 3740 896 3799 et
938 3734 1166 3819 legalis
1197 3736 1484 3797 monetae
1528 3729 1933 3816 Anglicanae,
1972 3751 2089 3817 pro
2120 3750 2198 3795 eo
2229 3732 2408 3817 quod
2438 3732 2657 3799 dictus
2703 3738 2923 3801 custos

823 3834 1177 3900 tenebatur
1221 3833 1266 3897 J
1271 3831 1517 3898 ohanni
1564 3832 1925 3910 Hanslake,
1968 3831 2221 3917 pistori,
2274 3854 2394 3917 pro
2437 3853 2607 3918 pane
2650 3834 2723 3899 in
2776 3842 2925 3900 octo

820 3934 1008 4001 libris
1058 3934 1289 4022 legalis
1318 3937 1604 3999 monetae
1633 3931 2036 4018 Anglicanae,
2091 3931 2437 4019 voluitque
2482 3935 2658 4019 quod
2706 3936 2926 4002 dictus

823 4036 1122 4123 Rogerus
1151 4033 1556 4101 satisfaceret
1584 4056 1704 4120 pro
1737 4033 1964 4100 eodem
1995 4034 2271 4121 praefato
2291 4035 2338 4100 J
2341 4036 2588 4119 ohanni
2616 4037 2697 4103 de
2728 4037 2926 4104 dictis

823 4142 971 4203 octo
1016 4137 1202 4202 libris
1255 4158 1373 4222 pro
1436 4158 1522 4213 se,
1593 4140 1793 4222 prout
1838 4135 2229 4201 Wilhelmus
2274 4135 2731 4222 Gentylmane,
2774 4160 2926 4225 pro-

824 4242 1088 4303 curator
1149 4238 1314 4303 dicti
1379 4236 1673 4303 custodis
1748 4235 2009 4324 publice
2082 4238 2157 4302 in
2222 4238 2474 4324 judicio
2548 4238 2923 4321 declaravit,

825 4339 1097 4403 devenit
1142 4337 1404 4403 debitor
1446 4339 1532 4403 ad
1577 4338 1968 4404 solvendum
2028 4339 2237 4405 dictas
2290 4343 2436 4405 octo
2492 4338 2695 4405 libras
2754 4341 2927 4406 infra

824 4440 1178 4505 terminum
1226 4439 1505 4503 duorum
1549 4460 1875 4504 annorum
1918 4441 2217 4525 proxime
2262 4442 2697 4526 sequentium,
2744 4443 2927 4508 vide-

1441 4674 1454 4703 ¹
1472 4690 1570 4739 pro
1591 4689 1644 4723 eo
1665 4674 1840 4725 erased
1861 4674 1983 4725 here
2002 4674 2058 4725 in
2082 4675 2169 4727 the
2190 4675 2304 4727 MS.
