3466 5635
1052 823 1185 887 404
1380 838 1565 889 mm
1610 834 2067 889 ementur-11
2107 836 2194 888 m*
2235 836 2816 892 mosum-rosum

1054 1016 1271 1077 tarum
1300 1010 1374 1075 in
1400 1008 1882 1097 quaestionibus
1925 1014 2268 1095 opponant
2313 1014 2385 1077 et
2427 1011 2868 1097 respondeant
2909 1012 3154 1080 saltem

1052 1112 1267 1193 semel,
1332 1116 1401 1177 et
1484 1132 1687 1176 unum
1779 1110 2090 1177 volumen
2146 1108 2359 1199 legale
2424 1112 2652 1201 legant
2715 1116 3017 1194 cursorie,
3077 1122 3158 1183 et

1051 1224 1085 1255 ‘⁶
1134 1212 1442 1282 bibellwm
1500 1212 2095 1281 imtimviommn”
2159 1215 2267 1281 vel
2345 1222 2384 1253 “
2413 1236 2660 1302 corpus
2734 1215 3154 1286 authentico-

1048 1315 1272 1395 ‘1-wm,”
1346 1316 1456 1383 vel
1528 1322 1663 1382 tres
1738 1316 1942 1383 libros
2017 1317 2577 1385 extraordinarios
2660 1318 2940 1399 codicis3
3028 1342 3156 1389 nec

1048 1420 1373 1486 mirentur
1416 1420 1671 1504 legistae
1724 1420 1784 1484 si
1831 1420 2063 1484 ceteris
2105 1419 2256 1506 plus
2318 1420 2392 1484 in
2443 1420 2722 1508 legendo
2773 1427 3149 1501 onerentur,

744 1598 757 1615 .
848 1566 869 1613 .·
900 1584 905 1589 .
1048 1545 1197 1589 cum
1242 1522 1585 1611 pecuniam
1636 1543 1758 1609 pro
1801 1543 1921 1589 sua
1963 1520 2216 1589 lectura
2255 1522 2416 1609 plus
2463 1523 2698 1591 ceteris
2749 1544 3153 1613 consequan-

710 3859 791 4046 99⁵5>

799 3863 864 4046 :⁸38

1046 1632 1200 1693 tur:
1232 1623 1251 1661 ¹
1322 1624 1497 1710 quod
1556 1624 1611 1688 si
1670 1621 2007 1711 praemissa
2066 1622 2490 1689 laudabiliter
2545 1625 3030 1711 compleverint,
3077 1640 3154 1693 et

1048 1727 1359 1805 moribus,
1388 1731 1469 1791 ut
1497 1727 1579 1791 de
1607 1724 1934 1814 theologis
1961 1728 2065 1791 est
2094 1724 2527 1813 praemissum,
2555 1725 2806 1791 fuerint
2835 1726 3152 1807 decorati,

1047 1830 1133 1896 ad
1178 1828 1653 1917 depositionem
1721 1828 2196 1917 Magistrorum
2240 1828 2315 1893 in
2369 1828 2597 1895 eadem
2665 1824 2976 1896 facultate
3041 1852 3150 1897 ac—

1047 1932 1321 1999 tualiter
1347 1931 1726 2020 legentium,
1759 1932 1818 1995 si
1847 1936 2132 2017 quatuor
2159 1932 2268 1997 vel
2313 1932 2533 2018 plures
2561 1930 2852 2018 legentes
2878 1932 3150 2011 fuerint,

1046 2033 1371 2101 licentiati
1442 2037 1776 2120 poterunt,
1823 2032 2001 2120 quod
2043 2033 2101 2097 si
2145 2032 2484 2120 pauciores
2531 2034 2801 2115 fuerint,
2845 2034 3150 2105 doctores

1046 2138 1118 2202 in
1162 2136 1436 2203 decretis
1466 2134 1551 2200 ad
1597 2156 1822 2201 eorum
1851 2132 2329 2221 depositionem
2371 2136 2810 2222 requirantur.

1492 2381 1667 2463 Quot
1708 2378 2086 2447 volumina
2115 2387 2434 2447 tevwntwr
2481 2381 2723 2467 leyisse.

1137 2534 1530 2621 Incepturus
1559 2532 1885 2619 siquidem
1915 2531 1988 2601 in
2026 2530 2178 2621 jure
2221 2528 2405 2601 civili
2436 2538 2472 2567 “
2504 2528 2813 2599 mahom
2857 2531 3147 2601 vhwtitw-

1045 2648 1083 2675 “
1125 2636 1457 2714 tionmnss’
1534 2642 1567 2671 “
1601 2635 1947 2721 digestum
2019 2632 2335 2715 novum‚’'
2415 2639 2485 2701 et
2559 2643 2592 2670 “
2622 2633 3079 2721 infortiatm
3107 2637 3146 2661 ’³

1042 2741 1274 2829 legisse
1332 2744 1619 2817 tenetur,
1684 2737 2068 2826 priusquam
2113 2735 2400 2805 doctoris
2459 2736 2776 2805 ordinarii
2843 2738 3145 2826 potiatur

1043 2845 1329 2912 honore:
1375 2848 1593 2909 cetera
1632 2843 1705 2908 in
1749 2839 1998 2906 talibus
2043 2841 2362 2908 hactenus
2399 2841 2748 2909 observata
2791 2841 3147 2929 diligenter

1044 2947 1249 3014 etiam
1277 2945 1351 3010 in
1380 2950 1713 3033 posterum
1743 2943 2196 3010 observentur.

1425 3195 1769 3280 Quomodo
1791 3195 1820 3232 ⁹
1872 3193 2106 3262 debent
2149 3193 2515 3262 vobam‘e’ma
2545 3193 2786 3280 leque-sse.

1130 3345 1485 3414 Stamtum
1542 3351 1653 3424 cst,
1715 3344 1894 3430 quod
1955 3348 1995 3378 “
2009 3342 2482 3429 ,Wsonmtwn
2505 3343 2540 3368 '⁹
2603 3347 2674 3410 et
2726 3351 2764 3378 “
2795 3341 3144 3432 ὢίροειππι

1040 3447 1355 3529 πουψηῑ,”
1398 3449 1491 3516 sic
1534 3447 1711 3534 leget
1762 3469 1912 3514 cum
1978 3446 2212 3534 glossis
2275 3449 2346 3512 et
2419 3445 2830 3532 expositione
2893 3449 3144 3524 textus,

1040 3552 1398 3621 secundum
1448 3551 1627 3638 quod
1686 3549 2106 3618 auditoribus
2162 3549 2376 3637 magis
2427 3547 2768 3618 videbitur
2814 3549 3145 3637 expedire,

1040 3658 1139 3724 ita
1182 3655 1363 3744 quod
1404 3653 1750 3722 continuet
1791 3653 1864 3720 in
1907 3657 2192 3740 utraque
2219 3651 2474 3720 lectura
2519 3671 2637 3738 per
2678 3673 2948 3732 annum,
2977 3651 3142 3718 inci-

1036 3757 1276 3848 piendo
1306 3757 1611 3824 videlicet
1640 3758 1717 3823 in
1741 3756 2186 3842 resumptione
2217 3753 2686 3842 Mag-istrorum
2715 3755 2948 3822 statim
2989 3759 3144 3841 post

1036 3863 1278 3928 festum
1308 3860 1371 3926 S.
1402 3859 1731 3946 Dionysii,
1761 3857 2206 3923 continuando
2236 3877 2443 3943 usque
2463 3855 2550 3920 ad
2578 3855 2820 3922 festum
2857 3857 2922 3922 S.
2955 3856 3142 3922 Petri

1038 3974 1074 4002 “
1105 3965 1191 4031 ad
1234 3963 1500 4030 vincula
1516 3961 1593 4044 ”3
1638 3966 1709 4026 et
1753 3961 1809 4025 si
1854 3982 1973 4050 per
2015 3958 2417 4046 quindenam
2457 3958 2567 4024 vel
2609 3959 2788 4024 ultra
2839 3959 2922 4024 de
2973 3965 3138 4025 tem-

1038 4087 1193 4154 pore
1244 4067 1375 4132 isto
1418 4049 1697 4141 deficiat,
1744 4063 1908 4127 alias
1953 4061 2124 4128 illud
2177 4061 2498 4148 compleat
2541 4065 2896 4146 antequam
2942 4061 3146 4129 licen-

1039 4171 1246 4236 tietur
1292 4169 1366 4233 in
1410 4167 1635 4232 eadem
1684 4165 2016 4246 facultate,
2068 4165 2166 4231 ita
2222 4169 2450 4230 tamen
2494 4165 2665 4250 quod
2717 4165 2776 4230 si
2817 4164 3038 4252 plures
3066 4166 3145 4232 in

1039 4273 1265 4340 eadem
1286 4269 1313 4307 ⁸
1342 4270 1593 4338 lectura
1621 4272 2034 4350 concurrant,
2061 4269 2136 4336 in
2185 4266 2464 4336 diversis
2505 4266 2810 4358 pertibus
2853 4267 3147 4336 volumi-

1037 4375 1155 4452 nis,
1186 4377 1344 4442 ante
1387 4372 1742 4464 prandium
1785 4378 1854 4440 et
1897 4375 2064 4462 post,
2111 4369 2470 4462 procedant
2513 4373 2584 4438 et
2620 4369 3014 4442 continuent
3065 4373 3145 4442 in

1040 4474 1334 4568 legendo.

1305 4633 1842 4642 -—-———--——-—

1110 4721 1123 4750 ¹
1147 4726 1515 4785 consequuntur,
1538 4719 1607 4768 A.
2201 4721 2220 4749 ³
2243 4719 2310 4768 A.
2333 4715 2698 4783 husa-ultast,
2719 4718 2812 4769 but
2833 4721 3024 4770 ensed.

1106 4803 1127 4831 ·-'
1155 4799 1301 4862 Quot,
1320 4799 1380 4851 C.
