3466 5635
936 876 1071 941 694
1477 887 1671 938 8881
1716 887 1956 939 cumn:
2001 885 2477 938 0180818188.

938 1073 1251 1142 Exoniae
1266 1073 1573 1163 episcopi,
1616 1073 1816 1160 hujus
1859 1075 2054 1142 almae
2099 1072 2585 1142 Universitatis
2632 1071 3042 1151 cancellarii,

936 1177 1442 1246 Commissarius
1484 1177 1852 1265 generalis:
1855 1215 1948 1227 —

1029 1280 1197 1347 Cum
1245 1301 1366 1346 nos
1408 1281 1573 1346 alias
1616 1279 1665 1346 J
1668 1280 1915 1345 01188111
1945 1279 2218 1358 Russhe,
2246 1277 2562 1357 Scholari,
2601 1276 3045 1344 commisimus

938 1382 1585 1448 administrationem
1628 1383 1952 1449 bonorum
2001 1381 2346 1468 cujusdam
2405 1379 2711 1470 Magistri
2775 1379 3044 1445 Thomae

938 1485 1293 1564 BlackloW,
1338 1485 1686 1572 utriusque
1739 1485 1916 1572 juris
1957 1484 2317 1566 baca-Harii,
2392 1483 2480 1550 ab
2553 1484 2876 1549 intestato
2933 1483 3044 1548 de-

938 1589 1250 1668 cedentis,
1298 1588 1417 1676 qui
1460 1587 1729 1675 quidem
1773 1587 1822 1654 J
1827 1588 2118 1654 ohannes
2163 1587 2434 1667 Russhe,
2479 1586 2838 1652 secundum
2882 1585 3039 1667 vim,

827 1769 835 1776 ,
936 1693 1236 1771 formam,
1262 1697 1333 1758 et
1360 1691 1667 1758 effectum
1696 1679 2170 1756 commissionis
2215 1690 2568 1756 antedietae
2599 1687 2886 1755 officium
2913 1689 3043 1754 sibi

940 1794 1315 1890 injunctum
1390 1798 1708 1861 executus
1781 1798 1886 1860 est
1947 1815 2098 1860 eum
2159 1793 2415 1873 effectu,
2479 1815 2523 1858 8
2583 1814 2735 1878 quo,
2802 1792 3042 1859 debitis

942 1897 1193 1964 calculo
1268 1901 1335 1963 et
1374 1945 1377 1948 -
1409 1896 1754 1963 ratiocinio
1841 1896 2139 1984 receptis,
2215 1896 2435 1984 ipsum
2511 1896 2899 1975 dimisimus,
2973 1902 3042 1963 et

942 2000 1287 2066 dimissum
1331 1998 1809 2066 deelaravimus
1853 1999 1939 2064 ab
1983 2000 2166 2067 omni
2210 2020 2402 2065 onere
2447 2003 2515 2064 et
2559 1998 2847 2085 periculo
2894 2021 3042 2086 quae

942 2104 1201 2169 ratione
1243 2102 1841 2170 administrationis
1869 2101 1999 2167 sibi
2027 2101 2385 2168 commissae
2424 2101 2755 2168 incurrere
2793 2102 3043 2189 poterit

942 2205 1394 2292 quovismodo.
1488 2204 1742 2270 Datum
1785 2204 1911 2269 sub
1941 2203 2158 2290 sig-illo
2188 2203 2385 2270 officii
2412 2203 2642 2282 nostri,
2673 2204 2746 2269 in
2774 2203 3040 2270 ecclesia.

941 2307 1199 2395 collegii
1257 2307 1325 2374 S.
1372 2306 1604 2372 Mariae
1664 2306 2074 2394 Magdalenae
2133 2310 2325 2371 extra
2384 2327 2605 2372 muros
2661 2303 2842 2372 villae
2906 2307 3044 2372 Ox·

941 2411 1128 2492 oniae,
1172 2409 1374 2476 tertio
1419 2409 1529 2475 die
1573 2409 1817 2475 mensis
1861 2408 2276 2488 Novembris,
2335 2430 2508 2474 8880
2566 2407 2839 2474 Domini
2897 2409 3044 2475 mil-

938 2513 1166 2580 lesimo
1211 2510 1861 2600 quadringentesimo
1901 2511 2308 2601 sexagesimo
2349 2511 2654 2581 secundo-

937 2855 1001 2921 A
1052 2874 1363 2941 811198011,
1406 2853 1585 2942 afler
1624 2852 3038 3044 mwmsiwamwwm

1779 2980 1870 3025 ‘m
1969 2979 2016 3023 a:

550 3150 622 3203 A.
642 3164 721 3202 aa.
746 3152 858 3202 190.
1024 3127 1277 3195 Eodem
1322 3127 1433 3193 die
1474 3128 1714 3194 Petrus
1758 3128 1840 3194 de
1868 3128 2290 3209 Alcomlowe‚
2336 3127 2757 3215 chirurgicus,
2787 3128 3036 3194 exami-
3153 3128 3160 3135 '

517 3246 649 3299 Nov.
673 3246 724 3310 ⁷,
746 3248 892 3297 1462.
934 3235 1131 3298 natus
1176 3230 1536 3297 secundum
1580 3230 1857 3296 formam
1901 3230 2162 3313 statuti,
2192 3230 2516 3296 admissus
2544 3234 2615 3296 et
2659 3230 3037 3296 licentiatus

935 3337 1037 3400 est
1081 3332 1169 3399 ad
1212 3332 1711 3420 practizandum
1755 3332 1828 3398 in
1875 3336 2022 3399 arte
2073 3332 2424 3421 chirurgiae
2467 3333 2541 3398 in
2570 3329 3034 3400 Universitate

934 3441 1003 3505 et
1046 3435 1225 3501 infra
1266 3434 1697 3524 praecinctum
1743 3435 2052 3524 ejusdem.

1046 3740 2930 3955 Βωωνεοιῑοωαειοιιωβῒωηααηαωωφομᾴιο

1849 3888 1888 3935 0
2068 3890 2109 3935 7·

544 4034 619 4088 A.
639 4051 715 4088 aa·
743 4040 853 4088 198-
1018 4028 1568 4113 Memormffmm,
1628 4030 1808 4119 quod
1891 4031 2072 4099 dicto
2146 4031 2534 4100 duodecimo
2607 4032 2718 4099 die
2790 4031 3036 4099 mensis

476 4120 611 4177 Ποῖ·
640 4129 718 4189 ¹²
744 4128 891 4179 ¹4⁶²·
930 4132 1233 4222 praedicti
1264 4129 1284 4168 ¹
1332 4133 1751 4215 Novembris,
1813 4156 2035 4201 coram
2108 4134 2290 4201 dicto
2344 4133 3037 4217 0018181888110,ν18.,

482 4214 581 4261 Μ
594 4215 735 4269 ''¹⁴⁰“
933 4236 1157 4303 David
1234 4234 1561 4303 Husbond
1640 4236 1951 4319 decrevit,
1953 4232 1982 4273 ⁹
2046 4238 2120 4302 in
2180 4238 2534 4325 praesenbia
2597 4236 3040 4305 bmiaffll'um

996 4547 1938 4615 ¹Thevordmsierepentedinthe
2027 4551 2185 4614 hex-eg
2241 4553 2314 4603 all
2354 4552 2442 4604 the
2485 4551 2672 4603 enti-ies
2720 4552 2885 4603 under
2935 4551 3040 4603 this

927 4626 1042 4681 MS.
2027 4632 2144 4682 date
2176 4646 2262 4683 are
2287 4648 2416 4697 very
2437 4632 2708 4697 σαι-81888131
2729 4634 2894 4691 made,
2927 4632 3032 4682 and

992 4708 1017 4741 ²
1038 4708 1177 4763 Such
1198 4708 1243 4761 is
1260 4710 1349 4761 the
1378 4708 1591 4776 reading
1623 4710 1682 4760 of
1707 4711 1798 4762 the
1829 4716 1938 4761 text
2025 4712 2203 4779 barely
2235 4711 2434 4780 legible.
