3466 5635
853 899 1045 954 unm
1089 895 1551 958 cmcunmn
1599 898 1684 954 rr
1727 893 2312 949 raecumroauu.
2498 877 2629 948 4⁷3

624 1075 794 1144 cum
830 1075 1035 1161 juxta
1081 1074 1476 1140 sententiam
1522 1073 1829 1140 veritatis
1874 1093 2145 1139 accensa
2188 1072 2455 1138 lucerna
2496 1094 2632 1138 non

530 1181 621 1246 sit
634 1179 654 1216 ¹
703 1178 926 1245 modio
954 1178 1397 1267 supponenda,
1428 1177 1540 1242 sed
1573 1199 1768 1264 super
1811 1175 2276 1243 candelabrum
2305 1176 2635 1264 erigenda,

535 1289 612 1349 ut
661 1281 970 1348 omnibus
1022 1281 1139 1368 qui
1189 1281 1264 1345 in
1308 1279 1502 1346 domo
1553 1279 1825 1346 Domini
1879 1284 2351 1346 conversantur
2397 1279 2636 1346 clarius

535 1387 869 1463 elucescat,
905 1383 1090 1472 [hinc
1137 1388 1240 1449 est
1285 1383 1485 1468 quod]
1505 1381 1532 1420 ²
1573 1404 1837 1449 morum
1876 1387 2311 1462 venustatem,
2340 1383 2637 1450 scientiae

536 1487 921 1565 claritatem,
975 1508 1054 1552 ac
1101 1485 1490 1553 odoriferam
1545 1484 1741 1552 famae
1792 1486 2195 1552 suavitatem
2246 1507 2472 1552 eorum
2521 1485 2637 1572 qui

529 1590 705 1656 inter
746 1609 868 1654 nos
917 1587 1295 1674 [efficacius]
1315 1587 1342 1626 ²
1386 1587 1781 1675 profecerint
1798 1587 1825 1626 ³
1878 1588 1965 1653 ad
2012 1609 2430 1654 communem
2472 1588 2633 1653 fide-

535 1693 698 1760 lium
742 1691 1059 1758 notitiam
1120 1689 1488 1756 ferventius
1533 1691 1833 1777 cupimus
1894 1691 2257 1778 pervenire,
2305 1713 2437 1777 quo
2486 1711 2636 1756 con-

533 1795 922 1860 versationis
951 1815 1087 1858 suae
1117 1791 1480 1870 maturitas,
1509 1799 1580 1859 et
1623 1793 1869 1858 laboris
1914 1793 2012 1878 [et
2056 1792 2292 1879 studii]
2312 1792 2340 1830 ²
2386 1793 2639 1860 assidu-

535 1899 682 1978 itas,
729 1897 817 1962 ad
849 1897 976 1962 Dei
1023 1897 1304 1974 laudem,
1349 1895 1805 1982 proximorum
1850 1896 2148 1974 salutem,
2204 1896 2638 1981 Ecelesioeque

533 2004 778 2068 sanotae
809 1999 1171 2087 profectum
1199 1997 1572 2065 evidentius
1599 1998 1871 2064 tendere
1900 1998 2406 2085 dignoscantur3
2448 1997 2639 2064 vobis

535 2103 762 2188 itaque
792 2101 1217 2189 patefacimus
1243 2121 1362 2187 per
1407 2107 1778 2188 praesentes,
1810 2100 1988 2186 quod
2028 2101 2421 2166 clarissimus
2439 2099 2466 2137 ⁸
2496 2100 2639 2165 Ma-

537 2206 758 2293 gister,
789 2205 1118 2272 confrater
1163 2203 1486 2291 Magister
1513 2203 1598 2272 N.
1628 2204 1714 2270 de
1746 2205 1838 2282 B„
1870 2204 1943 2268 in
1972 2203 2150 2268 dicta
2179 2201 2639 2269 Universitate

537 2315 761 2374 nostra
793 2307 1130 2374 facultatis
1171 2306 1328 2372 talis
1369 2306 1592 2372 studio
1635 2305 2003 2372 insistendo
2032 2305 2215 2384 bene,
2244 2304 2534 2385 honeste,
2566 2326 2643 2370 ac

538 2409 802 2498 pacifice
831 2414 1274 2488 conversatus,
1303 2410 1560 2476 actibus
1605 2409 2009 2475 scholasticis
2054 2408 2452 2474 sufficienter
2492 2429 2642 2494 pro-

538 2513 750 2591 batus,
796 2535 872 2580 ac
917 2512 1390 2599 Magistrorum
1441 2510 1850 2598 depositione
1896 2510 2219 2578 laudabili
2266 2510 2644 2576 solemniter

537 2615 956 2702 approbatus,
971 2615 1059 2680 ad
1080 2614 1646 2701 praeeminentiam
1669 2614 2116 2701 magistralem
2144 2614 2217 2677 in
2247 2612 2425 2678 dicta
2442 2611 2646 2678 facul-

541 2724 680 2786 tate
709 2717 1065 2785 honorifice
1111 2718 1356 2782 meruit
1403 2717 1702 2797 exaltari,
1738 2722 1808 2782 et
1854 2720 2021 2804 post,
2053 2715 2241 2782 velut
2290 2717 2559 2781 lucerna
2604 2737 2645 2779 a

539 2820 684 2887 luce
733 2842 894 2887 vera
945 2819 1272 2887 divinitus
1316 2819 1655 2886 illustrata
1699 2817 2032 2907 praeclarae
2077 2817 2397 2885 doctrinae
2443 2817 2645 2885 radiis

539 2922 874 2989 auditores
917 2921 1314 3000 illuminans,
1369 2922 1646 2987 formam
1691 2944 1831 2989 suae
1893 2922 2160 2989 lecturae
2221 2920 2643 2987 laudabiliter

539 3024 986 3093 continuando
1029 3023 1402 3111 complevit,
1437 3024 1522 3109 [si
1567 3025 1656 3089 sit
1702 3024 1991 3111 Regens]
2010 3024 2039 3061 Β
2066 3024 2174 3089 vel
2220 3024 2645 3089 laudabiliter

545 3128 631 3213 [si
673 3127 764 3193 sit
807 3125 876 3193 N
879 3125 1308 3213 on-regens,]⁹
1351 3130 1550 3213 prout
1601 3148 1718 3213 per
1766 3124 2121 3213 Magistros
2163 3130 2233 3191 et
2277 3126 2441 3193 alios
2484 3126 2643 3191 fide-

541 3230 774 3319 dignos
803 3250 1021 3295 coram
1049 3227 1240 3295 nobis
1276 3227 1538 3313 juratos
1583 3234 1652 3295 et
1680 3228 2186 3295 individualiter
2213 3229 2645 3309 examinatos,

543 3353 618 3397 ac
662 3352 780 3419 per
817 3328 1129 3398 notitiam
1175 3331 1508 3417 propriam
1557 3352 1694 3396 una
1737 3353 1890 3397 cum
1918 3330 2251 3397 communi
2281 3330 2458 3396 fama
2485 3331 2648 3397 cele-

541 3433 646 3499 bri
703 3431 1042 3513 referente,
1103 3432 1368 3518 plenam
1413 3433 1778 3519 recepimus
1828 3433 2200 3499 veritatem.
2296 3433 2515 3513 Unde,
2560 3456 2645 3501 ne

543 3535 1092 3603 calumniantium
1119 3533 1378 3601 invidia
1405 3556 1520 3601 seu
1549 3533 2013 3601 insidiantium
2058 3534 2435 3622 excogitata
2461 3536 2649 3601 mali·

542 3638 642 3703 tia
667 3642 876 3703 tantae
919 3636 1340 3723 profectionis
1371 3642 1440 3702 et
1470 3636 1837 3703 honestatis
1866 3637 1987 3702 lux
2016 3636 2363 3724 splendida
2403 3642 2648 3727 pereat,

545 3742 708 3828 quin
749 3738 970 3826 potius
999 3740 1192 3804 cedat
1236 3738 1385 3803 aliis
1413 3738 1487 3803 in
1531 3740 1760 3805 lumen
1800 3744 1873 3805 et
1916 3739 2291 3827 exemplum
2335 3746 2403 3807 et
2446 3741 2647 3807 latius

545 3840 979 3919 diffundatur,
1037 3840 1124 3905 ad
1175 3840 1279 3905 sui
1323 3841 2030 3907 recommendationem
2079 3847 2148 3908 et
2190 3844 2642 3908 testimonium

544 3944 837 4011 omnium
868 3944 1369 4030 praemissorum‚
1404 3942 1617 4008 eidem
1648 3943 1967 4031 Magistro
1998 3942 2083 4007 N.
2115 3944 2197 4010 de
2228 3944 2320 4022 B.,
2350 3945 2646 4011 consocio
2740 3947 2747 3953 ’

543 4051 612 4113 et
655 4044 970 4113 confratri
1015 4049 1260 4123 nostro,
1287 4042 1408 4111 has
1435 4044 1663 4113 literas
1691 4045 2163 4113 testimoniales
2206 4046 2423 4133 sigillo
2470 4069 2646 4113 com-

543 4150 730 4217 muni
760 4148 1238 4215 Universitatis
1267 4153 1512 4217 nostrae
1554 4147 1828 4214 fecimus
1872 4148 2259 4237 consignari.

635 4252 888 4319 Datum
935 4250 1230 4329 Oxoniae,
1274 4254 1394 4315 etc.

2269 4446 2536 4455 Ἥ.--
2565 4448 2582 4453 -

618 4572 634 4603 ¹
657 4576 744 4633 est,
765 4568 880 4620 MS.
1706 4568 1728 4597 ³
1751 4565 2088 4632 Prosocerunt,
2110 4566 2227 4619 MS.

611 4652 633 4681 ²
653 4644 1551 4703 HerethereareerasuresintheMS.
