3466 5635
1101 857 1500 908 nnms‘num
1545 855 2103 908 couvooA'rtoms.
2518 840 2654 910 737

561 1043 880 1128 quaginta
908 1044 1149 1109 solidos
1181 1049 1248 1110 ct
1294 1049 1578 1130 quatuor
1622 1045 1963 1126 denarios;
2018 1045 2219 1109 Undc
2262 1045 2655 1110 auctoritate

567 1145 1046 1212 Universitatis
1075 1147 1383 1234 praefatos
1416 1147 1771 1234 Magistros
1804 1147 2175 1212 Gilbertum
2206 1151 2273 1212 et
2307 1147 2540 1226 Eliam,
2573 1149 2655 1210 de

559 1249 892 1335 praemissa
921 1273 1176 1316 summa
1207 1249 1722 1336 quingentarum
1768 1272 2148 1329 marcarum,
2184 1255 2263 1314 ut
2291 1251 2654 1336 praefertur,

563 1372 678 1438 per
737 1357 1077 1440 computos
1121 1353 1446 1419 dictorum
1508 1352 1991 1440 supervisorum
2056 1353 2141 1418 ab
2197 1350 2655 1419 Universitate

562 1453 872 1520 allocatos
914 1455 1212 1540 liberata,
1255 1461 1518 1544 recepta
1561 1461 1632 1520 et
1675 1477 1979 1542 expensa,
2026 1453 2526 1520 exoneravimus
2587 1460 2657 1520 et

565 1554 1040 1622 declaravimus
1086 1559 1491 1644 acquietatos
1559 1579 1714 1646 erga
1760 1557 2301 1635 Universitatem,
2371 1561 2441 1622 et
2503 1579 2652 1623 con-

563 1656 1020 1726 demnavimus
1075 1661 1336 1727 eosdem
1404 1661 1476 1724 in
1541 1661 1737 1728 dictis
1781 1659 2268 1748 quinquaginta
2313 1659 2542 1732 solidis
2588 1666 2656 1725 et

562 1765 849 1846 quatuor
893 1763 1179 1828 denariis
1227 1762 1674 1829 Universitati
1719 1761 2071 1828 solvendis.

650 1863 829 1930 Acta
885 1873 1050 1931 suut
1093 1863 1228 1931 hoec
1269 1864 1518 1930 ultimo
1578 1864 1692 1931 dte
1752 1863 2048 1952 Aprilis,
2112 1885 2300 1930 anuo
2360 1861 2655 1930 Domini

558 1963 923 2034 millesimo
975 1966 1648 2055 quaclriuqeutesimo
1696 1965 2257 2054 quisnquayeeimo
2306 1964 2517 2032 tertio.

830 2147 1017 2215 Mass
1047 2148 1168 2235 for
1215 2149 1466 2217 Gilbert
1510 2149 1591 2215 de
1634 2147 1969 2234 Leofardo
2004 2148 2397 2236 postponat.

654 2288 902 2354 Eodem
935 2289 1042 2354 die
1073 2289 1526 2376 dispensatum
1559 2293 1660 2354 est
1687 2311 1807 2377 per
1833 2289 2014 2354 viam
2044 2289 2280 2376 gratiae
2308 2311 2427 2376 pro
2457 2289 2657 2356 missa
2772 2279 2840 2330 A.
2864 2295 2910 2330 θ’·
2935 2283 3014 2330 ⁷4·

567 2389 851 2456 Gilberti
897 2391 980 2456 de
1027 2391 1365 2470 Leofardo‚
1431 2391 1858 2478 contingente
1915 2391 1987 2456 in
2047 2413 2253 2477 parva
2312 2392 2656 2458 vacatione
2682 2371 2815 2436 May,
2842 2376 2919 2434 ¹²³
2958 2376 3100 2421 ¹⁴⁵³·

559 2492 967 2579 praecedente
1011 2493 1250 2559 festum
1284 2495 1586 2580 Corporis
1634 2492 1903 2570 Christi,
1934 2493 2109 2579 quod
2149 2492 2511 2560 celebretur
2537 2495 2657 2561 ubi

560 2596 960 2662 commodius
1007 2597 1254 2682 poterit
1305 2597 1635 2662 celebrari.

903 2775 1348 2845 Academical
1395 2776 1669 2844 lecturas
1712 2775 2075 2865 dispensati
2116 2775 2294 2845 with.

651 2917 899 2983 Eodem
930 2919 1035 2984 die
1067 2926 1100 2954 “
1117 2918 1531 3005 Supplicant
1559 2940 1786 2983 omues
1816 2916 2153 2985 Schohzres
2197 2917 2654 3005 cujuscunque

561 3027 594 3057 “
626 3019 1008 3105 facultatis,
1037 3029 1370 3107 quatenus
1409 3020 1665 3107 viyi‘nti
1707 3018 2081 3087 ordinaria
2120 3020 2370 3086 audi-ta
2408 3020 2495 3085 iu
2524 3021 2654 3085 isto

562 3129 596 3157 “
641 3122 936 3188 termino
987 3124 1260 3211 possint
1321 3122 1612 3211 sufficere
1672 3122 1809 3189 sibi
1858 3144 1989 3208 pro
2048 3122 2371 3209 completa
2415 3122 2655 3209 forma

561 3230 594 3260 ‘⁶
639 3224 961 3291 omnium
1027 3225 1558 3293 ordinariorum
1621 3224 2122 3292 antedictovum
2186 3225 2275 3291 ‘e'sn
2334 3224 2465 3291 ‘isto
2530 3234 2655 3291 ter-

561 3335 594 3361 “
639 3326 835 3391 ‘mino
861 3327 918 3392 .·”

650 3429 818 3495 Haeo
845 3430 1062 3516 gratia
1107 3435 1206 3496 est
1236 3451 1535 3496 concessa
1579 3434 1648 3495 et
1691 3428 2182 3495 conditionata:
2232 3428 2522 3494 conditio
2554 3434 2655 3493 est

561 3532 734 3618 quod
797 3532 1206 3598 satisfaciant
1272 3532 1751 3620 Principalibus
1804 3538 1874 3599 et
1926 3531 2368 3599 servientibus
2426 3531 2653 3597 eodem

560 3634 754 3699 modo
797 3656 873 3701 ac
913 3634 970 3700 si
1029 3636 1500 3701 remansissent
1557 3657 1674 3721 per
1736 3640 1955 3701 totum
2000 3634 2377 3712 terminum,
2438 3640 2507 3699 et
2564 3634 2655 3699 sic

557 3736 856 3824 legitime
899 3738 1388 3824 pronunciatur.

1035 3916 1530 4005 Dias-pomation
1563 3917 1688 4003 for
1729 3916 1919 3983 John
1962 3916 2173 4003 Kype.

549 4104 558 4115 .
649 4051 902 4117 Eodem
947 4053 1054 4118 die
1083 4058 1118 4091 “
1133 4050 1514 4138 Supplicat‚
1546 4058 1673 4131 eto„
1700 4051 1763 4118 J
1754 4050 2051 4117 ohannes
2096 4050 2308 4136 Kype,
2351 4048 2655 4136 inceptor
2697 4070 2835 4125 June
2856 4072 2905 4129 4,
2932 4072 3073 4119 1453.

557 4161 592 4191 ‘⁶
635 4154 724 4219 in
751 4153 1088 4241 facultate
1129 4154 1411 4233 artium,
1442 4160 1778 4240 quatenus
1805 4176 1951 4219 uon
1981 4159 2288 4221 tematur
2317 4152 2411 4218 ad
2438 4174 2653 4219 ‘neces-

556 4264 592 4294 “
636 4257 903 4323 sariam
959 4256 1334 4344 regentiam
1383 4278 1513 4343 per
1562 4257 1971 4345 proximum
2043 4276 2321 4322 anuum
2377 4276 2651 4343 sequeu-

558 4366 595 4395 “
640 4366 772 4426 tem
795 4385 817 4428 .·
833 4360 868 4391 ”

643 4462 811 4529 Haec
854 4464 1071 4551 gratia
1104 4468 1207 4529 est
1237 4484 1536 4529 concessa
1565 4466 1636 4528 et
1665 4462 2123 4528 conditionata
2150 4486 2164 4526 :
2215 4460 2506 4527 conditio
2552 4467 2652 4527 est

553 4566 730 4650 quod
772 4565 1098 4631 conducat
1149 4565 1439 4651 aliquem
1502 4566 1833 4653 legentem
1886 4565 1960 4629 in
2024 4564 2323 4650 quolibet
2366 4565 2651 4629 termino

552 4667 798 4754 viginti
843 4672 988 4734 octo
1035 4668 1367 4733 ordinaria
1395 4693 1412 4747 3
1458 4672 1526 4733 et
1572 4667 1694 4733 sub
1742 4668 1867 4734 hac
1911 4668 2289 4735 conditione
2333 4667 2419 4732 ab
2448 4666 2655 4732 altero

555 4768 1058 4837 Procuratorum
1104 4769 1403 4858 legitime
1449 4772 1939 4857 pronunciatur.

2168 4876 2209 4939 3
2254 4887 2303 4936 A
2350 4876 2390 4935 2
