3466 5635
494 2212 786 2286 &ttondanoe
801 2214 852 2256 st

535 2277 625 2308 cur
746 2264 775 2283 ”
790 2263 876 2307 lec-

944 813 1075 873 418
1280 826 1471 874 LIBRI
1515 824 1974 874 cmanLAnn
2021 825 2108 873 m
2149 823 2732 874 Pnooomrronun.

944 1020 1063 1085 per
1090 1005 1357 1064 tantum
1387 1004 1651 1086 tempus
1695 1022 1814 1087 per
1843 1004 2168 1086 quantum
2212 1000 2286 1064 in
2322 998 2714 1087 logicalibus
2740 998 3048 1065 iterando

946 1124 1099 1167 suas
1143 1102 1490 1171 continuet
1520 1101 1868 1181 lectionem
1911 1106 1981 1167 et
2025 1102 2194 1167 hanc
2239 1102 2518 1167 formam
2562 1101 2828 1189 legendi
2857 1100 3050 1167 vicis·

947 1204 1073 1269 sim
1119 1204 1422 1269 observet
1466 1204 1749 1291 quilibet
1798 1204 2057 1290 Regens
2101 1204 2174 1269 in
2205 1203 2464 1269 artibus
2506 1203 2751 1269 fiituris
2793 1208 3050 1289 tempo-

946 1306 1132 1371 ribus
1193 1306 1454 1392 quoties
1499 1306 1786 1372 voluerit
1845 1306 1918 1371 in
1981 1306 2444 1372 Universitato
2499 1306 2862 1394 praedicta:
2929 1326 3054 1370 nec

945 1414 1241 1475 arctatur
1300 1408 1541 1494 aliquis
1607 1432 1725 1497 per
1794 1408 2278 1475 ordinationem
2341 1410 2752 1496 praedictam,
2801 1406 2918 1495 qui
2977 1407 3053 1472 in

945 1511 1362 1578 naturalibus
1406 1512 1655 1600 poterit
1698 1512 1931 1599 legere.
1960 1511 2278 1597 quamdiu
2322 1510 2452 1577 sibi
2498 1512 2837 1599 placuerit,
2873 1510 3056 1575 simi-

943 1614 1099 1680 liter
1160 1619 1230 1680 et
1292 1616 1364 1679 in
1432 1612 2073 1701 metaphysicalibus‚
2127 1636 2383 1681 necnon
2443 1620 2516 1679 et
2573 1616 2645 1679 in
2689 1612 3052 1679 moralibus

946 1716 1189 1803 quibus
1231 1716 1427 1782 volet.

980 1952 1177 2034 Quod
1224 1951 1539 2019 cursoria
1582 1952 1862 2019 auditio
1910 1952 2076 2019 libri
2119 1952 2592 2039 metaphysica&
2635 1974 2783 2018 non
2826 1951 3014 2018 cedat

1538 2056 2002 2143 inceptem-ibus
2037 2078 2174 2142 pro
2207 2056 2464 2143 soma.

1035 2192 1085 2257 I
1080 2162 1225 2271 tem,
1259 2193 1667 2260 ordinatum
1698 2200 1806 2273 est,
1841 2193 2018 2280 quod
2049 2194 2218 2258 nulli
2248 2198 2400 2281 post
2429 2214 2680 2258 annum
2706 2190 2725 2228 ¹
2761 2214 3046 2279 praesen-

492 2276 849 2359 tumi‘ii'i'netn-
945 2300 1100 2375 tem,
1132 2294 1505 2381 incipiendo
1550 2316 1800 2360 annum
1845 2296 1920 2359 in
1963 2296 2133 2362 festo
2169 2296 2232 2362 S.
2267 2296 2576 2381 Dionysii
2605 2294 2842 2360 ultimo
2887 2317 3052 2381 prae-

630 2364 907 2467 ῗῗιὶὲξζῗῗί
944 2397 1164 2477 terito,
1198 2398 1422 2463 valeat
1466 2419 1585 2484 pro
1636 2398 1850 2463 forma
1908 2400 2200 2465 cursoria
2259 2399 2515 2464 auditio
2575 2396 2890 2463 librorum
2939 2396 3052 2461 vel

495 2366 629 2460 ΒΨ

494 2468 580 2510 not
596 2467 654 2509 be
670 2465 860 2509 allowed
871 2467 923 2509 to

494 2519 640 2561 count
654 2528 707 2559 ns
722 2527 783 2559 nn
799 2528 872 2559 ox·

494 2567 678 2670 Q?

672 2578 772 2610 Οἳ.

942 2499 1219 2585 alicujus
1281 2498 1435 2564 libri
1494 2500 1982 2588 metaphysicae,
2028 2502 2142 2566 sed
2209 2506 2479 2565 tantum
2526 2499 2872 2577 ordinaria,
2921 2498 3053 2563 nisi

944 2602 1149 2667 fuerit
1178 2602 1345 2667 liber
1392 2603 1463 2665 in
1496 2624 1627 2688 quo
1672 2624 1792 2689 pro
1837 2624 2079 2689 magna
2122 2609 2312 2691 parte
2341 2606 2670 2668 tractatur
2714 2604 2796 2667 de
2841 2602 3054 2688 opini-

944 2704 1181 2770 onibus
1244 2705 1688 2789 antiquorum,
1739 2711 1859 2770 aut
1930 2706 2062 2771 nisi
2121 2707 2362 2772 tertius
2414 2709 2535 2770 aut
2597 2710 2872 2790 quartus
2935 2705 3052 2789 qui

942 2807 1227 2873 cursorie
1274 2807 1381 2873 vel
1426 2807 1782 2894 plurimum
1831 2807 2045 2874 solent
2088 2809 2238 2897 legi,
2273 2814 2352 2874 ut
2383 2808 2713 2874 ordinarie
2759 2808 2831 2872 in
2861 2805 3050 2873 libris

945 2911 1093 2976 aliis
1138 2911 1515 2998 expeditius
1560 2917 1783 2997 posset
1827 2912 2106 2998 procedi.

1038 3069 1231 3148 Item,
1259 3069 1531 3156 insuper
1560 3069 1969 3135 ordinatum
2011 3077 2120 3147 est,
2153 3071 2234 3135 de
2278 3069 2466 3136 libris
2511 3071 2948 3157 physicorum,
2979 3073 3051 3133 et

951 3171 1032 3238 de
1076 3169 1263 3236 libris
1306 3171 1733 3238 consimiliter
1777 3171 2160 3238 ethicorum.

950 3457 1145 3542 Quod
1171 3457 1416 3525 ‘nullus
1438 3459 1696 3546 Reye‘ns
1723 3459 2003 3650 ’ὶηῗνεὶι
2036 3459 2309 3526 lectioni
2339 3459 2727 3528 ordinm-icc
2757 3455 3049 3526 alterius

1847 3563 2186 3629 acultatz'S.

1037 3699 1225 3780 Item,
1277 3707 1615 3766 statutum
1655 3707 1762 3777 est,
1811 3699 1991 3786 quod
2037 3700 2258 3765 nullus
2310 3699 2383 3764 in
2435 3699 2752 3765 facultate
2795 3699 3050 3764 artium

948 3801 1214 3869 lectioni
1262 3803 1533 3869 alterius
1580 3802 1916 3868 facultatis
1962 3824 2159 3889 quam
2206 3824 2342 3868 suae
2385 3803 2670 3880 intersit,
2719 3801 2849 3866 nisi
2879 3800 3054 3866 forte

948 3905 1149 3971 talem
1208 3906 1565 3971 lectionem
1629 3912 1780 3992 post
1846 3906 2146 3992 primam,
2193 3906 2364 3971 sicut
2427 3905 2501 3969 in
2562 3905 2858 3981 decretiS,
2917 3903 3053 3990 legi

949 4008 1321 4095 contigerit,
1366 4014 1486 4074 aut
1538 4009 1668 4073 nisi
1714 4009 1939 4073 forsan
1998 4030 2085 4072 ex
2129 4029 2326 4073 causa
2379 4007 2670 4084 honesta,
2721 4011 2817 4086 ut,
2865 4012 3050 4094 puta,

948 4132 1097 4175 oum
1144 4111 1395 4176 scholas
1443 4111 1852 4177 circumeunt
1869 4109 1896 4146 ⁹
1954 4111 2337 4197 inceptores,
2383 4116 2502 4176 aut
2555 4133 2704 4175 cum
2749 4109 2830 4174 de
2876 4131 3053 4174 novo

946 4213 1267 4300 inceperit
1294 4235 1410 4279 seu
1454 4215 1900 4301 resumpserit,
1941 4213 2096 4279 aut³
2127 4236 2212 4280 ex
2241 4214 2463 4300 aliqua
2492 4234 2836 4279 causarum
2867 4211 3052 4276 simi-

946 4313 1126 4394 lium,
1176 4336 1325 4400 quae
1370 4338 1519 4382 raro
1564 4317 1887 4382 eveniunt
1931 4317 2312 4403 cuicunque.

1336 4496 1501 4504 ‘'fl-n
1545 4498 1726 4505 ...ὴ-.-
1742 4498 1844 4504 ---—

1012 4601 1025 4630 ¹
1045 4599 1514 4666 Notwithstsnding
1536 4601 1621 4652 the
1644 4603 1951 4668 expression,
2107 4605 2130 4634 ²
2150 4603 2340 4664 circuit,
2358 4602 2420 4654 B.
2444 4620 2460 4665 ς
2492 4603 2788 4664 circuiet-int,
2810 4601 2869 4654 C.

942 4677 1071 4730 hunc
1096 4687 1385 4746 presentem
1416 4699 1611 4742 anum,
1643 4683 1788 4734 there
1814 4681 1860 4732 is
1881 4698 1949 4733 no
2113 4697 2133 4726 ⁸
2149 4704 2254 4758 aut,
2276 4695 2488 4747 omitted
2505 4695 2560 4744 in
2584 4692 2646 4746 Β.

940 4759 1055 4810 elue
1076 4765 1129 4810 to
1150 4759 1237 4810 the
1258 4761 1373 4811 date
1401 4761 1463 4810 of
1488 4761 1588 4810 this
1612 4769 1812 4814 statute.
