3466 5635
1336 786 1688 840 Arrmmx
1736 788 1777 839 1.
2508 774 2625 843 791

537 976 770 1037 contra
795 971 980 1037 illam
1009 976 1080 1037 et
1108 994 1250 1037 eam
1280 972 1656 1039 voluntarie
1698 970 2088 1038 excedentes
2132 992 2211 1036 ac
2253 970 2527 1037 rebelles
2568 974 2639 1035 et

535 1075 898 1140 contrarios
940 1080 1080 1141 tam
1147 1076 1235 1140 ad
1297 1076 1594 1162 querelas
1651 1075 2061 1161 singulorum
2118 1072 2276 1139 inde
2328 1072 2637 1161 conqueri

535 1176 832 1242 volentes
875 1230 889 1243 .
935 1227 949 1243 .
998 1227 1014 1243 .
1059 1176 1224 1242 alias
1269 1183 1472 1264 prout
1499 1177 1813 1264 expedire
1842 1176 2162 1255 videritis,
2194 1176 2420 1242 habita
2443 1196 2637 1262 super

537 1277 660 1344 hoc
733 1278 990 1365 quoties
1063 1300 1228 1366 opus
1303 1280 1509 1345 fuerit
1581 1279 2053 1344 informatione
2119 1278 2361 1354 debita,
2429 1277 2459 1364 j
2466 1281 2636 1341 uxta

533 1377 812 1445 formam
856 1386 924 1446 et
969 1381 1275 1447 effectum
1319 1380 1612 1467 ejusdem
1664 1380 1859 1447 ordin
1867 1379 2117 1446 ationis
2158 1377 2526 1467 puniendos
2567 1383 2639 1443 et

535 1483 970 1570 castigandos,
1051 1488 1122 1550 et
1194 1506 1494 1551 excessus
1564 1482 1953 1569 hujusmodi
2006 1480 2496 1560 reformandos;
2566 1485 2639 1546 et

539 1582 688 1649 ideo
732 1585 920 1651 vobis
966 1590 1035 1651 et
1077 1586 1272 1651 alteri
1306 1590 1605 1652 vestrum
1643 1584 2049 1664 mandamus,
2081 1584 2259 1671 quod
2302 1582 2639 1670 praemissa

537 1684 794 1753 faciatis
837 1691 907 1752 et
949 1686 1365 1774 exequamini
1407 1688 1480 1752 in
1520 1686 1732 1753 forma
1774 1688 2108 1775 praedicta,
2152 1688 2254 1752 ita
2296 1685 2475 1773 quod
2514 1705 2635 1773 pro

541 1788 798 1855 defectu
865 1790 1274 1855 executionis
1339 1790 1683 1877 praesentis
1750 1789 2049 1855 mandati
2104 1787 2321 1854 nostri
2380 1788 2467 1853 ad
2516 1808 2635 1852 vos

541 1889 627 1955 ob
671 1895 960 1957 vestram
1003 1892 1478 1979 negligentiam
1521 1914 1654 1958 non
1697 1891 2057 1957 habeamus
2098 1890 2447 1957 materiam
2489 1910 2639 1977 gra-

539 1993 716 2058 viter
772 1994 1115 2082 capiendi:
1179 1994 1432 2061 Damus
1477 1999 1698 2062 autem
1742 1994 2006 2060 ballivis
2050 1998 2121 2059 et
2162 1994 2385 2081 probis
2426 1992 2637 2058 homi-

540 2095 738 2160 nibus
786 2096 965 2162 villae
1016 2096 1350 2183 praedictae
1407 2100 1636 2163 tenore
1695 2095 2121 2184 praesentium
2170 2095 2243 2160 in
2288 2094 2635 2173 mandatiS,

542 2197 721 2284 quod
763 2197 952 2264 vobis
997 2204 1066 2265 et
1108 2198 1314 2275 alteri,
1350 2204 1646 2265 vestrum
1705 2199 1779 2264 in
1830 2197 2215 2265 executione
2276 2197 2635 2284 praemisso-

541 2324 706 2383 rum,
739 2304 997 2390 quoties
1027 2327 1190 2393 opus
1248 2304 1452 2371 fuerit
1495 2310 1566 2371 et
1601 2326 1722 2371 vos
1766 2302 1874 2371 vel
1917 2302 2157 2389 aliquis
2186 2306 2482 2368 vestrum
2525 2324 2636 2369 eos

541 2405 705 2471 scire
747 2407 1032 2473 feceritis
1082 2408 1191 2474 vel
1249 2406 1494 2486 fecerit,
1541 2428 1625 2473 ex
1689 2412 1880 2494 parte
1946 2411 2173 2473 nostra
2230 2410 2507 2492 pareant
2566 2409 2635 2470 et

539 2506 910 2574 intendant.

631 2610 715 2675 In
782 2611 968 2697 cujus
1028 2610 1124 2676 rei
1185 2610 1638 2677 testimonium
1704 2610 1825 2676 has
1884 2608 2111 2677 literas
2178 2614 2436 2676 nostras
2493 2608 2637 2673 fieri

539 2711 811 2780 fecimus
852 2718 1172 2801 patenteS,
1203 2718 1374 2779 teste
1417 2734 1522 2779 me
1565 2714 1708 2801 ipso
1752 2714 1931 2801 apud
1965 2711 2637 2791 westmonasterium,

543 2821 732 2882 sexto
777 2816 885 2882 die
914 2808 1305 2895 Decembris,
1339 2838 1515 2881 anno
1558 2815 1749 2904 regni
1793 2815 2003 2882 nostri
2033 2814 2297 2904 Angliae
2325 2814 2635 2880 vicesimo

541 2919 760 2998 tertio,
806 2920 989 3006 regni
1036 2941 1193 2985 vero
1235 2920 1446 2985 nostri
1493 2918 1794 2986 Franciae
1838 2918 2102 2986 decimo.

1299 3353 1779 3419 APPENDIX
1821 3353 1887 3418 J.

547 3619 750 3686 Breve
793 3617 1128 3684 aldredum
1169 3639 1218 3683 a
1261 3617 1558 3685 Dmnino
1599 3617 1918 3685 Johamw
1962 3618 2037 3683 K
2033 3624 2247 3703 nyvet,
2298 3617 2641 3686 Camella-

722 3719 833 3785 ‘rio
876 3717 1174 3806 Απρῖκὶω,
1222 3718 1318 3786 ad
1366 3719 1875 3787 G‘aawellam'asm
1921 3719 2211 3799 Οωοπτὶω,
2251 3741 2385 3806 pro
2436 3727 2643 3788 attor-

721 3819 912 3888 nati-9
950 3819 1380 3908 rempwndis.

635 3986 1026 4065 Edwardus‚
1073 3987 1203 4052 Dei
1265 3987 1502 4075 gratia,
1569 4007 1690 4052 rex
1754 3987 2020 4075 Angliae
2086 3993 2157 4055 et
2215 3989 2529 4069 Franciae‚
2574 3995 2645 4056 et

551 4088 854 4156 dominus
897 4089 1257 4169 Hiberniae,
1301 4091 1427 4168 δια,
1459 4088 1815 4156 wilhelmo
1860 4089 2193 4175 Wyltone‚
2244 4091 2643 4158 Cancellario

551 4190 1028 4258 Universitatis
1072 4197 1318 4257 nostrae
1365 4191 1665 4272 Oxoniae,
1709 4193 2005 4258 salutem.

635 4292 880 4358 Sciatis
939 4292 1114 4379 quod
1188 4293 1488 4359 dedimus
1553 4293 1745 4359 vobis
1817 4298 2219 4382 potestatem
2289 4294 2645 4383 recipiendi

545 4399 920 4460 attornatos
965 4394 1273 4462 Custodia
1315 4399 1387 4461 et
1429 4395 1844 4462 Scholarium
1900 4396 2094 4462 Aulae
2140 4397 2222 4463 de
2269 4397 2530 4464 Merton
2571 4400 2643 4464 in

547 4497 825 4578 Oxonia,
872 4519 1034 4584 quos
1078 4519 1297 4564 coram
1341 4499 1534 4565 vobis
1578 4498 1720 4565 loco
1784 4520 1906 4565 suo
1967 4503 2307 4565 attornare
2358 4502 2647 4568 voluerit

541 4600 629 4664 ad
668 4598 1052 4665 lucrandum
1081 4599 1192 4664 vel
1229 4601 1635 4688 perdendum
1680 4601 1755 4666 in
1792 4601 2053 4688 loquela
2092 4624 2241 4689 quae
2284 4607 2387 4668 est
2430 4627 2647 4670 coram

547 4699 814 4768 ballivis
858 4702 1102 4768 nostris
1133 4701 1214 4768 de
1247 4703 1724 4792 Basyngstoke‚
1770 4727 1887 4791 per
1930 4726 2209 4792 parvum
2256 4705 2456 4772 breve
2501 4729 2646 4773 nos-

2795 3633 2863 3684 Λ.
2888 3639 2969 3683 31.

2720 4014 2860 4065 A.D.
2891 4019 3036 4078 1366,

2720 4081 2899 4133 March
2922 4081 3025 4132 sth.
