3466 5635
945 768 1078 834 690
1501 779 1677 832 acm
1720 781 1958 834 cunm
2002 779 2477 832 cmcnufflr

1034 967 1166 1033 Pro
1223 965 1376 1031 aula
1443 965 1656 1034 AEnea
1673 963 1692 1002 ¹
1760 965 2081 1056 Magister
2121 965 2226 1035 W.
2270 965 2569 1054 Braggys
2612 963 2881 1030 nomine
2922 983 3043 1030 suo

941 1093 1227 1159 proprio.

1031 1173 1220 1241 Idem
1265 1175 1586 1293 Magister
1627 1192 1749 1258 pro
1791 1171 1947 1236 aula
1990 1169 2473 1239 'Universitatis
2530 1171 2605 1236 in
2648 1171 2796 1237 vico
2860 1167 3047 1236 scho-

942 1275 1176 1360 larum,
1221 1278 1488 1344 nomine
1531 1273 1787 1339 domini
1832 1273 1880 1340 J
1884 1273 2164 1339 ohannis
2208 1272 2510 1339 Warnar.

1032 1378 1223 1446 Idem
1255 1379 1576 1468 Magister
1603 1375 1912 1443 exhibuit
1942 1376 2313 1443 cautionem
2342 1397 2463 1463 pro
2489 1375 2645 1441 aula
2672 1375 2735 1442 S.
2770 1373 3045 1440 Thomae

941 1481 1018 1546 in
1057 1483 1369 1569 parochia
1397 1483 1464 1549 S.
1499 1479 1841 1546 Michaelis
1876 1479 2082 1566 juxta
2108 1483 2370 1566 portam
2398 1478 2745 1558 borealem,
2774 1478 3045 1543 nomine

943 1583 1228 1650 Gilberti
1271 1581 1681 1669 Samesbery.

1031 1687 1162 1753 Pro
1206 1687 1358 1754 aula
1386 1685 1618 1751 Vitrea
1649 1683 1971 1772 Magister
2000 1681 2385 1750 Bonifacius
2416 1682 2746 1761 Blundell‚
2775 1680 3042 1747 nomine

940 1786 1248 1875 Magistri
1291 1788 1356 1855 J.
1405 1787 1723 1874 Gregory.

1028 1891 1219 1958 Idem
1249 1889 1629 1958 Bonifacius
1673 1887 1981 1956 exhibuit
2024 1889 2396 1955 cautionem
2438 1909 2560 1974 pro
2602 1887 2751 1955 aula
2780 1889 2993 1954 AEnea
3016 1886 3035 1923 ¹

937 1993 1203 2060 nomine
1247 2015 1366 2060 suo
1425 1991 1707 2081 proprio.

1028 2095 1219 2162 Idem
1321 2117 1441 2185 pro
1543 2092 1697 2160 aula
1787 2092 2289 2174 Universitatis,
2360 2093 2628 2159 nomine
2716 2091 2765 2158 J
2766 2091 3043 2158 ohannis

937 2196 1262 2267 warner?

1028 2300 1221 2368 Idem
1267 2299 1584 2388 Magister
1633 2319 1753 2385 pro
1816 2297 1971 2364 aula
2014 2297 2077 2364 S.
2126 2297 2395 2364 Thomae
2458 2297 2534 2362 in
2597 2296 2908 2384 parochia
2964 2297 3037 2362 S.

937 2403 1276 2470 Michaelis
1310 2402 1514 2489 juxta
1557 2405 1818 2488 portam
1861 2399 2213 2481 borealem,
2260 2399 2531 2465 nomine
2594 2398 2851 2464 domini
2894 2398 3039 2464 Gil-

934 2505 1110 2572 berti
1158 2503 1636 2589 Sammesbery.

1025 2607 1152 2674 Pro
1195 2607 1350 2672 aula
1392 2605 1616 2672 Beatae
1678 2603 1929 2684 Mariae,
1976 2603 2297 2692 Magister
2337 2601 2625 2668 'Thomas
2668 2601 2879 2688 Parys
2920 2623 3039 2668 no·-

935 2709 1113 2776 mine
1155 2709 1436 2796 proprio,

1026 2810 1216 2878 Idem
1248 2809 1564 2897 Magister
1591 2831 1713 2895 pro
1744 2807 1898 2874 aula
1925 2807 2293 2896 vulgariter
2319 2810 2705 2895 nuncupata
2734 2811 2771 2843 “
2786 2805 3038 2893 Takyl-

933 2912 1247 3001 hys-yn‚”
1263 2910 1294 2949 ⁸
1333 2912 1602 2978 nomine
1649 2910 1959 3000 Magistri
2004 2910 2281 2979 Roberti
2326 2910 2682 2977 Schefelde.

1027 3019 1154 3085 Pro
1197 3018 1350 3084 aula
1375 3018 1743 3105 vulgariter
1770 3022 2156 3104 nuncupata
2185 3024 2221 3053 “
2241 3015 2451 3103 Lytyl
2479 3015 2741 3082 Merton
2772 3013 3037 3096 Halle,”

935 3120 1256 3208 Magister
1296 3120 1628 3187 Henricus
1673 3118 1967 3186 Samson.

1025 3224 1156 3289 Pro
1181 3222 1338 3289 aula
1363 3222 1732 3309 vulgariter
1761 3227 2143 3310 nuncupata
2169 3229 2208 3258 “
2224 3218 2688 3306 Bedyl-Haw
2716 3219 3039 3308 Magister

935 3324 1267 3392 Henricus
1311 3323 1519 3411 Popy.

1023 3432 1152 3499 Pro
1197 3431 1349 3498 aula
1393 3430 1698 3510 Trabina,
1731 3429 2053 3519 Magister
2096 3430 2379 3497 Thomas
2422 3428 2873 3517 Wuodehylle,
2916 3452 3037 3499 no-

932 3536 1110 3601 mine
1155 3534 1464 3621 Magistri
1508 3534 1836 3622 Stephani
1879 3532 2101 3620 Tylar.

1023 3637 1214 3703 Idem
1247 3636 1571 3723 Magister
1599 3657 1720 3722 pro
1750 3634 1904 3702 aula
1932 3634 2305 3722 Wyllyami
2330 3634 2580 3701 situata
2606 3635 2681 3701 in
2714 3634 3033 3702 “Keball-

933 3737 1202 3807 strete.”

1023 3841 1153 3909 Pro
1225 3862 1432 3928 parva
1505 3840 1660 3906 aula
1728 3838 2213 3907 ‘Universitatis
2286 3840 2359 3905 in
2430 3841 2578 3906 vico
2628 3840 3032 3923 Scholarum‚

936 3944 1257 4033 Magister
1300 3942 1403 4009 W.
1449 3940 1858 4030 Gregeforde.

1022 4048 1212 4114 Idem
1255 4045 1572 4133 Magister
1634 4067 1757 4133 pro
1815 4044 1968 4111 aula
2011 4044 2327 4110 Edwardi
2392 4066 2480 4110 ex
2541 4046 2842 4134 opposito
2904 4046 3037 4111 col-

932 4151 1090 4239 legii
1131 4148 1569 4238 Reginensis,⁴
1612 4147 1883 4214 nomine
1929 4146 2235 4233 Magistri
2278 4146 2501 4215 Hulle.

1022 4252 1151 4318 Pro
1194 4252 1346 4318 aula
1389 4250 1698 4339 Hugonis
1740 4251 1814 4315 in
1878 4249 2189 4338 parochia
2254 4249 2320 4317 S.
2366 4249 2552 4317 Petri
2617 4250 2693 4316 in
2762 4250 3035 4333 oriente,

933 4354 1258 4444 Magister
1295 4352 1404 4421 W.
1449 4353 1746 4422 Preston.

999 4628 1018 4662 ¹
1041 4627 1241 4691 Ennea,
1261 4626 1375 4678 MS.
2092 4624 2115 4659 ³
2144 4622 2525 4691 Takyllayuynne,
2548 4624 2666 4679 MS.
2754 4684 2760 4689 ¹

997 4708 1020 4743 2
1051 4707 1286 4771 Πρω-οη,
1306 4706 1422 4760 MS.
1866 4698 1886 4719 ⁰
1972 4632 1989 4767 Ι
2092 4706 2114 4737 ⁴
2138 4706 2277 4771 reyii,
2298 4706 2411 4757 MS.
