<?xml version="1.0" encoding="UTF-8"?>
<!DOCTYPE html PUBLIC "-//W3C//DTD XHTML 1.0 Transitional//EN"
    "http://www.w3.org/TR/xhtml1/DTD/xhtml1-transitional.dtd">
<html xmlns="http://www.w3.org/1999/xhtml" xml:lang="en" lang="en">
 <head>
  <title>
</title>
<meta http-equiv="Content-Type" content="text/html;charset=utf-8" />
  <meta name='ocr-system' content='tesseract 3.04.00' />
  <meta name='ocr-capabilities' content='ocr_page ocr_carea ocr_par ocr_line ocrx_word'/>
</head>
<body>
  <div class='ocr_page' id='page_1' title='image "./munimentaacadem00anstgoog_0379.png"; bbox 0 0 3466 5635; ppageno 0'>
   <div class='ocr_carea' id='block_1_1' title="bbox 558 1351 802 1402">
    <p class='ocr_par' dir='ltr' id='par_1_1' title="bbox 558 1351 802 1402">
     <span class='ocr_line' id='line_1_1' title="bbox 558 1351 802 1402; baseline 0.016 -4"><span class='ocrx_word' id='word_1_1' title='bbox 558 1351 625 1400; x_wconf 77' lang='lat' dir='ltr'><em>A.</em></span> <span class='ocrx_word' id='word_1_2' title='bbox 651 1365 694 1400; x_wconf 80' lang='lat' dir='ltr'><em>a.</em></span> <span class='ocrx_word' id='word_1_3' title='bbox 722 1355 802 1402; x_wconf 77' lang='grc'><em>67.</em></span> 
     </span>
    </p>
   </div>
   <div class='ocr_carea' id='block_1_2' title="bbox 466 1441 891 1502">
    <p class='ocr_par' dir='ltr' id='par_1_2' title="bbox 466 1441 891 1502">
     <span class='ocr_line' id='line_1_2' title="bbox 466 1441 891 1502; baseline 0.002 -12"><span class='ocrx_word' id='word_1_4' title='bbox 466 1441 642 1490; x_wconf 83' lang='lat' dir='ltr'><strong>March</strong></span> <span class='ocrx_word' id='word_1_5' title='bbox 659 1446 735 1502; x_wconf 84' lang='lat'><em>16,</em></span> <span class='ocrx_word' id='word_1_6' title='bbox 752 1447 891 1498; x_wconf 72' lang='lat'>1448,</span> 
     </span>
    </p>
   </div>
   <div class='ocr_carea' id='block_1_3' title="bbox 462 3097 887 3251">
    <p class='ocr_par' dir='ltr' id='par_1_3' title="bbox 462 3097 887 3251">
     <span class='ocr_line' id='line_1_3' title="bbox 550 3097 793 3148; baseline 0.004 -1"><span class='ocrx_word' id='word_1_7' title='bbox 550 3097 619 3147; x_wconf 78' lang='lat' dir='ltr'><em>A.</em></span> <span class='ocrx_word' id='word_1_8' title='bbox 643 3112 686 3148; x_wconf 81' lang='lat' dir='ltr'><em>a.</em></span> <span class='ocrx_word' id='word_1_9' title='bbox 715 3103 793 3148; x_wconf 88' lang='grc'><em>68.</em></span> 
     </span>
     <span class='ocr_line' id='line_1_4' title="bbox 462 3192 887 3251; baseline -0.002 -9"><span class='ocrx_word' id='word_1_10' title='bbox 462 3192 599 3243; x_wconf 85' lang='lat' dir='ltr'>June</span> <span class='ocrx_word' id='word_1_11' title='bbox 636 3197 715 3251; x_wconf 90' lang='lat'><em>10,</em></span> <span class='ocrx_word' id='word_1_12' title='bbox 744 3196 887 3241; x_wconf 77' lang='lat'>1452.</span> 
     </span>
    </p>
   </div>
   <div class='ocr_carea' id='block_1_4' title="bbox 482 4323 864 4474">
    <p class='ocr_par' dir='ltr' id='par_1_4' title="bbox 482 4323 864 4474">
     <span class='ocr_line' id='line_1_5' title="bbox 548 4323 791 4375; baseline 0.012 -3"><span class='ocrx_word' id='word_1_13' title='bbox 548 4323 616 4373; x_wconf 84' lang='lat' dir='ltr'><em>A.</em></span> <span class='ocrx_word' id='word_1_14' title='bbox 640 4338 685 4374; x_wconf 80' lang='lat' dir='ltr'><em>a.</em></span> <span class='ocrx_word' id='word_1_15' title='bbox 710 4328 791 4375; x_wconf 83' lang='grc'><em>68.</em></span> 
     </span>
     <span class='ocr_line' id='line_1_6' title="bbox 482 4412 864 4474; baseline 0.003 -11"><span class='ocrx_word' id='word_1_16' title='bbox 482 4412 594 4463; x_wconf 78' lang='lat' dir='ltr'><em>Oct.</em></span> <span class='ocrx_word' id='word_1_17' title='bbox 624 4418 700 4474; x_wconf 82' lang='lat'><em>17,</em></span> <span class='ocrx_word' id='word_1_18' title='bbox 719 4420 864 4465; x_wconf 75' lang='lat'>1452.</span> 
     </span>
    </p>
   </div>
   <div class='ocr_carea' id='block_1_5' title="bbox 924 913 2476 981">
    <p class='ocr_par' dir='ltr' id='par_1_5' title="bbox 924 913 2476 981">
     <span class='ocr_line' id='line_1_7' title="bbox 924 913 2476 981; baseline -0.002 0"><span class='ocrx_word' id='word_1_19' title='bbox 924 913 1007 981; x_wconf 72' lang='grc'><em>73</em></span> <span class='ocrx_word' id='word_1_20' title='bbox 1018 915 1057 975; x_wconf 68' lang='lat'>4</span> <span class='ocrx_word' id='word_1_21' title='bbox 1470 929 1865 977; x_wconf 74' lang='lat' dir='ltr'><em>REGIS&#39;rnmt</em></span> <span class='ocrx_word' id='word_1_22' title='bbox 1911 929 2476 980; x_wconf 68' lang='lat' dir='ltr'>CONVOGATIONIS.</span> 
     </span>
    </p>
   </div>
   <div class='ocr_carea' id='block_1_6' title="bbox 1232 1177 2704 1264">
    <p class='ocr_par' dir='ltr' id='par_1_6' title="bbox 1232 1177 2704 1264">
     <span class='ocr_line' id='line_1_8' title="bbox 1232 1177 2704 1264; baseline 0.005 -23"><span class='ocrx_word' id='word_1_23' title='bbox 1232 1177 1725 1262; x_wconf 73' lang='lat' dir='ltr'><em>Dispensatimt</em></span> <span class='ocrx_word' id='word_1_24' title='bbox 1760 1178 1880 1264; x_wconf 74' lang='lat' dir='ltr'><em>for</em></span> <span class='ocrx_word' id='word_1_25' title='bbox 1925 1178 2234 1246; x_wconf 70' lang='lat' dir='ltr'><em>Richard</em></span> <span class='ocrx_word' id='word_1_26' title='bbox 2277 1181 2356 1244; x_wconf 90' lang='lat' dir='ltr'><em>H</em></span> <span class='ocrx_word' id='word_1_27' title='bbox 2353 1201 2704 1248; x_wconf 78' lang='lat' dir='ltr'><em>owscman.</em></span> 
     </span>
    </p>
   </div>
   <div class='ocr_carea' id='block_1_7' title="bbox 912 1329 3030 2624">
    <p class='ocr_par' dir='ltr' id='par_1_7' title="bbox 919 1329 3028 1518">
     <span class='ocr_line' id='line_1_9' title="bbox 1007 1329 3028 1420; baseline 0.002 -26"><span class='ocrx_word' id='word_1_28' title='bbox 1007 1329 1215 1394; x_wconf 85' lang='lat' dir='ltr'><em>Sexto</em></span> <span class='ocrx_word' id='word_1_29' title='bbox 1276 1329 1528 1394; x_wconf 87' lang='lat' dir='ltr'><em>decimo</em></span> <span class='ocrx_word' id='word_1_30' title='bbox 1605 1329 1713 1394; x_wconf 85' lang='lat' dir='ltr'><em>die</em></span> <span class='ocrx_word' id='word_1_31' title='bbox 1770 1329 2020 1411; x_wconf 82' lang='lat' dir='ltr'><em>Martii,</em></span> <span class='ocrx_word' id='word_1_32' title='bbox 2068 1351 2242 1395; x_wconf 82' lang='lat' dir='ltr'><em>anno</em></span> <span class='ocrx_word' id='word_1_33' title='bbox 2303 1333 2765 1420; x_wconf 84' lang='lat' dir='ltr'><em>suprascripto,</em></span> <span class='ocrx_word' id='word_1_34' title='bbox 2809 1333 3028 1419; x_wconf 76' lang='lat' dir='ltr'><em>petita.</em></span> 
     </span>
     <span class='ocr_line' id='line_1_10' title="bbox 919 1431 2011 1518; baseline 0.001 -22"><span class='ocrx_word' id='word_1_35' title='bbox 919 1437 1021 1496; x_wconf 83' lang='lat' dir='ltr'><em>cst</em></span> <span class='ocrx_word' id='word_1_36' title='bbox 1063 1432 1280 1518; x_wconf 86' lang='lat' dir='ltr'><em>gratia</em></span> <span class='ocrx_word' id='word_1_37' title='bbox 1324 1432 1449 1495; x_wconf 90' lang='lat' dir='ltr'><em>sub</em></span> <span class='ocrx_word' id='word_1_38' title='bbox 1497 1431 1619 1496; x_wconf 89' lang='lat' dir='ltr'><em>hac</em></span> <span class='ocrx_word' id='word_1_39' title='bbox 1662 1432 1875 1496; x_wconf 87' lang='lat' dir='ltr'><em>forma</em></span> <span class='ocrx_word' id='word_1_40' title='bbox 1899 1457 2011 1497; x_wconf 77' lang='lat'><em>2-—</em></span> 
     </span>
    </p>

    <p class='ocr_par' dir='ltr' id='par_1_8' title="bbox 914 1521 3030 2234">
     <span class='ocr_line' id='line_1_11' title="bbox 1009 1521 3028 1622; baseline 0.001 -21"><span class='ocrx_word' id='word_1_41' title='bbox 1009 1543 1042 1570; x_wconf 90' lang='lat'><strong>“</strong></span> <span class='ocrx_word' id='word_1_42' title='bbox 1071 1532 1441 1620; x_wconf 76' lang='lat' dir='ltr'><em>Supplicat</em></span> <span class='ocrx_word' id='word_1_43' title='bbox 1482 1533 1860 1600; x_wconf 71' lang='lat' dir='ltr'><em>venerabili</em></span> <span class='ocrx_word' id='word_1_44' title='bbox 1909 1535 2438 1622; x_wconf 72' lang='lat' dir='ltr'><em>G&#39;onyrcyationi</em></span> <span class='ocrx_word' id='word_1_45' title='bbox 2465 1521 2871 1622; x_wconf 72' lang='lat' dir='ltr'><em>Rcyeutiu‘m</em></span> <span class='ocrx_word' id='word_1_46' title='bbox 2908 1537 3028 1603; x_wconf 81' lang='grc' dir='ltr'><em>ἆο-</em></span> 
     </span>
     <span class='ocr_line' id='line_1_12' title="bbox 919 1634 3030 1717; baseline 0.002 -15"><span class='ocrx_word' id='word_1_47' title='bbox 919 1644 954 1673; x_wconf 85' lang='grc'><strong>“</strong></span> <span class='ocrx_word' id='word_1_48' title='bbox 998 1635 1245 1702; x_wconf 75' lang='lat' dir='ltr'><em>miuus</em></span> <span class='ocrx_word' id='word_1_49' title='bbox 1290 1634 1646 1702; x_wconf 77' lang='lat' dir='ltr'><em>Ricardus</em></span> <span class='ocrx_word' id='word_1_50' title='bbox 1688 1635 1770 1701; x_wconf 86' lang='lat' dir='ltr'><em>H</em></span> <span class='ocrx_word' id='word_1_51' title='bbox 1763 1658 2119 1717; x_wconf 76' lang='lat' dir='ltr'><em>owscmau,</em></span> <span class='ocrx_word' id='word_1_52' title='bbox 2169 1637 2614 1706; x_wconf 71' lang='lat' dir='ltr'><em>Bacallarius</em></span> <span class='ocrx_word' id='word_1_53' title='bbox 2655 1639 2924 1706; x_wconf 73' lang='lat' dir='ltr'><em>artium</em></span> <span class='ocrx_word' id='word_1_54' title='bbox 2967 1649 3030 1707; x_wconf 86' lang='lat' dir='ltr'><em>et</em></span> 
     </span>
     <span class='ocr_line' id='line_1_13' title="bbox 917 1737 3024 1828; baseline 0.002 -25"><span class='ocrx_word' id='word_1_55' title='bbox 917 1745 951 1774; x_wconf 78' lang='lat'><em>‘⁴</em></span> <span class='ocrx_word' id='word_1_56' title='bbox 994 1737 1341 1804; x_wconf 73' lang='lat' dir='ltr'><em>Scholaris</em></span> <span class='ocrx_word' id='word_1_57' title='bbox 1386 1737 1756 1823; x_wconf 72' lang='lat' dir='ltr'><em>facultatis</em></span> <span class='ocrx_word' id='word_1_58' title='bbox 1807 1738 2001 1825; x_wconf 73' lang='lat' dir='ltr'><em>juris</em></span> <span class='ocrx_word' id='word_1_59' title='bbox 2065 1739 2407 1820; x_wconf 71' lang='lat' dir='ltr'><em>canonici,</em></span> <span class='ocrx_word' id='word_1_60' title='bbox 2483 1747 2818 1828; x_wconf 76' lang='lat' dir='ltr'><em>quatenus</em></span> <span class='ocrx_word' id='word_1_61' title='bbox 2883 1742 3024 1808; x_wconf 82' lang='lat' dir='ltr'><em>duo</em></span> 
     </span>
     <span class='ocr_line' id='line_1_14' title="bbox 918 1839 3026 1930; baseline 0.002 -25"><span class='ocrx_word' id='word_1_62' title='bbox 918 1847 957 1876; x_wconf 89' lang='lat'><strong>“</strong></span> <span class='ocrx_word' id='word_1_63' title='bbox 1000 1839 1184 1906; x_wconf 71' lang='lat' dir='ltr'><em>anui</em></span> <span class='ocrx_word' id='word_1_64' title='bbox 1242 1841 1324 1907; x_wconf 73' lang='lat' dir='ltr'><em>in</em></span> <span class='ocrx_word' id='word_1_65' title='bbox 1354 1839 1693 1928; x_wconf 75' lang='lat' dir='ltr'><em>facultate</em></span> <span class='ocrx_word' id='word_1_66' title='bbox 1747 1841 2018 1908; x_wconf 71' lang='lat' dir='ltr'><em>artium</em></span> <span class='ocrx_word' id='word_1_67' title='bbox 2061 1843 2241 1910; x_wconf 73' lang='lat' dir='ltr'><em>citra</em></span> <span class='ocrx_word' id='word_1_68' title='bbox 2280 1841 2599 1928; x_wconf 72' lang='lat' dir='ltr'><em>yradum,</em></span> <span class='ocrx_word' id='word_1_69' title='bbox 2630 1850 2691 1909; x_wconf 87' lang='lat' dir='ltr'><em>ct</em></span> <span class='ocrx_word' id='word_1_70' title='bbox 2731 1851 3026 1930; x_wconf 73' lang='lat' dir='ltr'><em>quatum·</em></span> 
     </span>
     <span class='ocr_line' id='line_1_15' title="bbox 917 1942 3024 2033; baseline 0.001 -25"><span class='ocrx_word' id='word_1_71' title='bbox 917 1949 956 1978; x_wconf 88' lang='lat'><strong>“</strong></span> <span class='ocrx_word' id='word_1_72' title='bbox 1000 1942 1089 2009; x_wconf 74' lang='lat' dir='ltr'><em>in</em></span> <span class='ocrx_word' id='word_1_73' title='bbox 1143 1942 1303 2028; x_wconf 72' lang='lat' dir='ltr'><em>jure</em></span> <span class='ocrx_word' id='word_1_74' title='bbox 1371 1943 1701 2010; x_wconf 73' lang='lat' dir='ltr'><em>canonico</em></span> <span class='ocrx_word' id='word_1_75' title='bbox 1745 1944 2018 2031; x_wconf 73' lang='lat' dir='ltr'><em>possint</em></span> <span class='ocrx_word' id='word_1_76' title='bbox 2061 1943 2198 2011; x_wconf 72' lang='lat' dir='ltr'><em>sibi</em></span> <span class='ocrx_word' id='word_1_77' title='bbox 2239 1945 2530 2032; x_wconf 72' lang='lat' dir='ltr'><em>sufficere</em></span> <span class='ocrx_word' id='word_1_78' title='bbox 2573 1945 2668 2012; x_wconf 82' lang='lat' dir='ltr'><em>ad</em></span> <span class='ocrx_word' id='word_1_79' title='bbox 2725 1946 3024 2033; x_wconf 77' lang='lat' dir='ltr'><em>effectum</em></span> 
     </span>
     <span class='ocr_line' id='line_1_16' title="bbox 914 2045 3022 2131; baseline 0.002 -22"><span class='ocrx_word' id='word_1_80' title='bbox 914 2051 954 2081; x_wconf 81' lang='lat'><em>‘⁸</em></span> <span class='ocrx_word' id='word_1_81' title='bbox 1000 2045 1180 2131; x_wconf 81' lang='lat' dir='ltr'><em>quod</em></span> <span class='ocrx_word' id='word_1_82' title='bbox 1218 2045 1439 2131; x_wconf 76' lang='lat' dir='ltr'><em>poss-it</em></span> <span class='ocrx_word' id='word_1_83' title='bbox 1484 2045 1770 2112; x_wconf 68' lang='lat' dir='ltr'><em>admitti</em></span> <span class='ocrx_word' id='word_1_84' title='bbox 1837 2046 1932 2112; x_wconf 77' lang='lat' dir='ltr'><em>ad</em></span> <span class='ocrx_word' id='word_1_85' title='bbox 2001 2047 2336 2114; x_wconf 75' lang='lat' dir='ltr'><em>lecturam</em></span> <span class='ocrx_word' id='word_1_86' title='bbox 2382 2047 3022 2115; x_wconf 54' lang='lat' dir='ltr'><em>extraordinariam</em></span> 
     </span>
     <span class='ocr_line' id='line_1_17' title="bbox 914 2146 2108 2234; baseline 0.002 -21"><span class='ocrx_word' id='word_1_87' title='bbox 914 2155 948 2183; x_wconf 78' lang='lat'><em>‘⁴</em></span> <span class='ocrx_word' id='word_1_88' title='bbox 994 2146 1294 2234; x_wconf 79' lang='lat' dir='ltr'><em>alicujus</em></span> <span class='ocrx_word' id='word_1_89' title='bbox 1340 2147 1509 2213; x_wconf 63' lang='lat' dir='ltr'><em>libo-2⁰,</em></span> <span class='ocrx_word' id='word_1_90' title='bbox 1554 2146 1996 2214; x_wconf 71' lang='lat' dir='ltr'><em>decretalium</em></span> <span class='ocrx_word' id='word_1_91' title='bbox 2024 2175 2048 2215; x_wconf 91' lang='lat'><em>.·</em></span> <span class='ocrx_word' id='word_1_92' title='bbox 2069 2147 2108 2176; x_wconf 93' lang='lat'><em>”</em></span> 
     </span>
    </p>

    <p class='ocr_par' dir='ltr' id='par_1_9' title="bbox 912 2250 3026 2624">
     <span class='ocr_line' id='line_1_18' title="bbox 1003 2250 3026 2339; baseline 0.001 -24"><span class='ocrx_word' id='word_1_93' title='bbox 1003 2250 1169 2317; x_wconf 84' lang='lat' dir='ltr'><em>Haec</em></span> <span class='ocrx_word' id='word_1_94' title='bbox 1212 2251 1430 2338; x_wconf 83' lang='lat' dir='ltr'><em>gratia</em></span> <span class='ocrx_word' id='word_1_95' title='bbox 1475 2255 1575 2315; x_wconf 85' lang='lat' dir='ltr'><em>est</em></span> <span class='ocrx_word' id='word_1_96' title='bbox 1620 2271 1923 2318; x_wconf 85' lang='lat' dir='ltr'><em>concessa</em></span> <span class='ocrx_word' id='word_1_97' title='bbox 1953 2252 2078 2317; x_wconf 90' lang='lat' dir='ltr'><em>sub</em></span> <span class='ocrx_word' id='word_1_98' title='bbox 2124 2253 2496 2318; x_wconf 87' lang='lat' dir='ltr'><em>conditione</em></span> <span class='ocrx_word' id='word_1_99' title='bbox 2541 2251 2718 2339; x_wconf 88' lang='lat' dir='ltr'><em>quod</em></span> <span class='ocrx_word' id='word_1_100' title='bbox 2763 2258 3026 2339; x_wconf 79' lang='lat' dir='ltr'><em>reparet</em></span> 
     </span>
     <span class='ocr_line' id='line_1_19' title="bbox 912 2352 3021 2442; baseline 0.002 -26"><span class='ocrx_word' id='word_1_101' title='bbox 912 2375 1114 2417; x_wconf 87' lang='lat' dir='ltr'><em>unam</em></span> <span class='ocrx_word' id='word_1_102' title='bbox 1160 2352 1438 2418; x_wconf 86' lang='lat' dir='ltr'><em>fractam</em></span> <span class='ocrx_word' id='word_1_103' title='bbox 1484 2353 1843 2418; x_wconf 79' lang='lat' dir='ltr'><em>fenestram</em></span> <span class='ocrx_word' id='word_1_104' title='bbox 1891 2353 1963 2418; x_wconf 89' lang='lat' dir='ltr'><em>in</em></span> <span class='ocrx_word' id='word_1_105' title='bbox 2011 2353 2209 2420; x_wconf 89' lang='lat' dir='ltr'><em>domo</em></span> <span class='ocrx_word' id='word_1_106' title='bbox 2241 2355 2808 2442; x_wconf 84' lang='lat' dir='ltr'><em>Congregationis,</em></span> <span class='ocrx_word' id='word_1_107' title='bbox 2839 2355 3021 2420; x_wconf 86' lang='lat' dir='ltr'><em>illam</em></span> 
     </span>
     <span class='ocr_line' id='line_1_20' title="bbox 919 2454 3022 2544; baseline 0.001 -24"><span class='ocrx_word' id='word_1_108' title='bbox 919 2455 1223 2520; x_wconf 83' lang='lat' dir='ltr'><em>videlicet</em></span> <span class='ocrx_word' id='word_1_109' title='bbox 1255 2455 1330 2519; x_wconf 88' lang='lat' dir='ltr'><em>in</em></span> <span class='ocrx_word' id='word_1_110' title='bbox 1374 2477 1508 2541; x_wconf 84' lang='lat' dir='ltr'><em>qua</em></span> <span class='ocrx_word' id='word_1_111' title='bbox 1552 2454 1936 2542; x_wconf 67' lang='lat' dir='ltr'><em>depingitur</em></span> <span class='ocrx_word' id='word_1_112' title='bbox 1967 2456 2185 2544; x_wconf 86' lang='lat' dir='ltr'>imago</span> <span class='ocrx_word' id='word_1_113' title='bbox 2218 2456 2283 2524; x_wconf 89' lang='lat' dir='ltr'><em>S.</em></span> <span class='ocrx_word' id='word_1_114' title='bbox 2317 2457 2526 2523; x_wconf 82' lang='lat' dir='ltr'><em>Marci</em></span> <span class='ocrx_word' id='word_1_115' title='bbox 2553 2483 2570 2540; x_wconf 82' lang='lat'><em>3</em></span> <span class='ocrx_word' id='word_1_116' title='bbox 2619 2463 2687 2522; x_wconf 83' lang='lat' dir='ltr'><em>et</em></span> <span class='ocrx_word' id='word_1_117' title='bbox 2717 2457 2840 2522; x_wconf 87' lang='lat' dir='ltr'><em>sub</em></span> <span class='ocrx_word' id='word_1_118' title='bbox 2888 2458 3022 2522; x_wconf 85' lang='lat' dir='ltr'><em>ista</em></span> 
     </span>
     <span class='ocr_line' id='line_1_21' title="bbox 914 2557 1598 2624; baseline 0.003 -3"><span class='ocrx_word' id='word_1_119' title='bbox 914 2557 1289 2622; x_wconf 82' lang='lat' dir='ltr'><em>conditione</em></span> <span class='ocrx_word' id='word_1_120' title='bbox 1334 2563 1436 2623; x_wconf 83' lang='lat' dir='ltr'><em>est</em></span> <span class='ocrx_word' id='word_1_121' title='bbox 1480 2562 1598 2624; x_wconf 83' lang='lat' dir='ltr'><em>etc.</em></span> 
     </span>
    </p>
   </div>
   <div class='ocr_carea' id='block_1_8' title="bbox 921 2807 3015 3003">
    <p class='ocr_par' dir='ltr' id='par_1_10' title="bbox 921 2807 3015 3003">
     <span class='ocr_line' id='line_1_22' title="bbox 921 2807 3015 2896; baseline 0.001 -21"><span class='ocrx_word' id='word_1_122' title='bbox 921 2809 1050 2875; x_wconf 73' lang='lat' dir='ltr'><em>The</em></span> <span class='ocrx_word' id='word_1_123' title='bbox 1098 2807 1392 2893; x_wconf 42' lang='lat' dir='ltr'><em>Proeto&amp;</em></span> <span class='ocrx_word' id='word_1_124' title='bbox 1423 2809 1682 2896; x_wconf 69' lang='lat' dir='ltr'><em>haviny</em></span> <span class='ocrx_word' id='word_1_125' title='bbox 1728 2809 1884 2880; x_wconf 70' lang='lat' dir='ltr'><strong><em>been</em></strong></span> <span class='ocrx_word' id='word_1_126' title='bbox 1926 2811 2282 2893; x_wconf 77' lang='lat' dir='ltr'><em>wouudcd,</em></span> <span class='ocrx_word' id='word_1_127' title='bbox 2327 2813 2394 2879; x_wconf 71' lang='lat' dir='ltr'><em>‘ts</em></span> <span class='ocrx_word' id='word_1_128' title='bbox 2440 2820 2504 2879; x_wconf 90' lang='lat' dir='ltr'><em>to</em></span> <span class='ocrx_word' id='word_1_129' title='bbox 2547 2812 2618 2879; x_wconf 81' lang='lat' dir='ltr'><em>bc</em></span> <span class='ocrx_word' id='word_1_130' title='bbox 2661 2812 3015 2881; x_wconf 66' lang='lat' dir='ltr'><em>indemni-</em></span> 
     </span>
     <span class='ocr_line' id='line_1_23' title="bbox 1164 2912 2718 3003; baseline 0.003 -25"><span class='ocrx_word' id='word_1_131' title='bbox 1164 2912 1313 2999; x_wconf 80' lang='lat' dir='ltr'><em>ficd</em></span> <span class='ocrx_word' id='word_1_132' title='bbox 1359 2912 1441 2997; x_wconf 79' lang='lat' dir='ltr'><em>by</em></span> <span class='ocrx_word' id='word_1_133' title='bbox 1486 2912 1589 2979; x_wconf 79' lang='lat' dir='ltr'><em>the</em></span> <span class='ocrx_word' id='word_1_134' title='bbox 1648 2913 2046 3001; x_wconf 71' lang='lat' dir='ltr'><em>University</em></span> <span class='ocrx_word' id='word_1_135' title='bbox 2078 2915 2200 3002; x_wconf 74' lang='lat' dir='ltr'><em>for</em></span> <span class='ocrx_word' id='word_1_136' title='bbox 2242 2914 2351 2981; x_wconf 72' lang='lat' dir='ltr'><em>his</em></span> <span class='ocrx_word' id='word_1_137' title='bbox 2395 2936 2718 3003; x_wconf 64' lang='lat' dir='ltr'><em>capon-scs.</em></span> 
     </span>
    </p>
   </div>
   <div class='ocr_carea' id='block_1_9' title="bbox 912 3074 3016 3961">
    <p class='ocr_par' dir='ltr' id='par_1_11' title="bbox 912 3074 3016 3961">
     <span class='ocr_line' id='line_1_24' title="bbox 1001 3074 3016 3161; baseline 0.001 -22"><span class='ocrx_word' id='word_1_138' title='bbox 1001 3074 1545 3153; x_wconf 58' lang='lat' dir='ltr'><em>immorandum,</em></span> <span class='ocrx_word' id='word_1_139' title='bbox 1580 3075 1757 3161; x_wconf 89' lang='lat' dir='ltr'><em>quod</em></span> <span class='ocrx_word' id='word_1_140' title='bbox 1791 3075 2043 3141; x_wconf 81' lang='lat' dir='ltr'><em>decimo</em></span> <span class='ocrx_word' id='word_1_141' title='bbox 2075 3076 2181 3142; x_wconf 77' lang='lat' dir='ltr'><em>(lie</em></span> <span class='ocrx_word' id='word_1_142' title='bbox 2211 3076 2260 3142; x_wconf 84' lang='lat' dir='ltr'>J</span> <span class='ocrx_word' id='word_1_143' title='bbox 2263 3076 2402 3142; x_wconf 88' lang='lat' dir='ltr'><em>unii</em></span> <span class='ocrx_word' id='word_1_144' title='bbox 2433 3076 2870 3143; x_wconf 85' lang='lat' dir='ltr'><em>deliberatum</em></span> <span class='ocrx_word' id='word_1_145' title='bbox 2915 3082 3016 3142; x_wconf 85' lang='lat' dir='ltr'><em>est</em></span> 
     </span>
     <span class='ocr_line' id='line_1_25' title="bbox 912 3177 3016 3267; baseline 0.002 -26"><span class='ocrx_word' id='word_1_146' title='bbox 912 3177 1089 3242; x_wconf 85' lang='lat' dir='ltr'><em>inter</em></span> <span class='ocrx_word' id='word_1_147' title='bbox 1157 3178 1516 3265; x_wconf 80' lang='lat' dir='ltr'><em>Magistros</em></span> <span class='ocrx_word' id='word_1_148' title='bbox 1559 3184 1884 3265; x_wconf 84' lang='lat' dir='ltr'><em>regentes,</em></span> <span class='ocrx_word' id='word_1_149' title='bbox 1939 3179 2118 3265; x_wconf 89' lang='lat' dir='ltr'><em>quod</em></span> <span class='ocrx_word' id='word_1_150' title='bbox 2164 3201 2392 3245; x_wconf 83' lang='lat' dir='ltr'><em>omnes</em></span> <span class='ocrx_word' id='word_1_151' title='bbox 2455 3201 2760 3267; x_wconf 84' lang='lat' dir='ltr'><em>expensae</em></span> <span class='ocrx_word' id='word_1_152' title='bbox 2824 3180 3016 3245; x_wconf 63' lang='lat' dir='ltr'><em>factae</em></span> 
     </span>
     <span class='ocr_line' id='line_1_26' title="bbox 912 3280 3014 3368; baseline 0.001 -23"><span class='ocrx_word' id='word_1_153' title='bbox 912 3281 1081 3346; x_wconf 82' lang='lat' dir='ltr'><em>circa</em></span> <span class='ocrx_word' id='word_1_154' title='bbox 1123 3280 1654 3345; x_wconf 71' lang='lat' dir='ltr'><em>vulnerationem</em></span> <span class='ocrx_word' id='word_1_155' title='bbox 1718 3280 2026 3368; x_wconf 83' lang='lat' dir='ltr'><em>Magistri</em></span> <span class='ocrx_word' id='word_1_156' title='bbox 2077 3281 2350 3346; x_wconf 83' lang='lat' dir='ltr'><em>Thomae</em></span> <span class='ocrx_word' id='word_1_157' title='bbox 2404 3281 2727 3367; x_wconf 79' lang='lat' dir='ltr'><em>Reynald,</em></span> <span class='ocrx_word' id='word_1_158' title='bbox 2777 3282 3014 3347; x_wconf 89' lang='lat' dir='ltr'><em>Procu-</em></span> 
     </span>
     <span class='ocr_line' id='line_1_27' title="bbox 912 3381 3013 3471; baseline 0 -23"><span class='ocrx_word' id='word_1_159' title='bbox 912 3382 1150 3448; x_wconf 84' lang='lat' dir='ltr'><em>ratoris</em></span> <span class='ocrx_word' id='word_1_160' title='bbox 1195 3381 1529 3447; x_wconf 74' lang='lat' dir='ltr'><em>Australis</em></span> <span class='ocrx_word' id='word_1_161' title='bbox 1578 3404 1697 3469; x_wconf 93' lang='lat' dir='ltr'><em>pro</em></span> <span class='ocrx_word' id='word_1_162' title='bbox 1743 3386 1922 3460; x_wconf 89' lang='lat' dir='ltr'><em>tunc,</em></span> <span class='ocrx_word' id='word_1_163' title='bbox 1953 3382 2070 3468; x_wconf 93' lang='lat' dir='ltr'><em>qui</em></span> <span class='ocrx_word' id='word_1_164' title='bbox 2115 3405 2235 3471; x_wconf 89' lang='lat' dir='ltr'><em>pro</em></span> <span class='ocrx_word' id='word_1_165' title='bbox 2282 3383 2457 3448; x_wconf 90' lang='lat' dir='ltr'><em>bono</em></span> <span class='ocrx_word' id='word_1_166' title='bbox 2509 3385 2690 3471; x_wconf 82' lang='lat' dir='ltr'><em>pacis</em></span> <span class='ocrx_word' id='word_1_167' title='bbox 2723 3384 3013 3450; x_wconf 83' lang='lat' dir='ltr'><em>Univer-</em></span> 
     </span>
     <span class='ocr_line' id='line_1_28' title="bbox 912 3483 3015 3573; baseline -0 -23"><span class='ocrx_word' id='word_1_168' title='bbox 912 3486 1133 3551; x_wconf 85' lang='lat' dir='ltr'><em>sitatis</em></span> <span class='ocrx_word' id='word_1_169' title='bbox 1180 3489 1327 3551; x_wconf 85' lang='lat' dir='ltr'><em>crat</em></span> <span class='ocrx_word' id='word_1_170' title='bbox 1372 3485 1697 3551; x_wconf 80' lang='lat' dir='ltr'><em>mediator</em></span> <span class='ocrx_word' id='word_1_171' title='bbox 1741 3484 1916 3551; x_wconf 81' lang='lat' dir='ltr'><em>inter</em></span> <span class='ocrx_word' id='word_1_172' title='bbox 1961 3484 2302 3551; x_wconf 82' lang='lat' dir='ltr'><em>Scholares</em></span> <span class='ocrx_word' id='word_1_173' title='bbox 2347 3487 2429 3552; x_wconf 85' lang='lat' dir='ltr'><em>de</em></span> <span class='ocrx_word' id='word_1_174' title='bbox 2457 3486 2750 3573; x_wconf 87' lang='lat' dir='ltr'><em>hospitio</em></span> <span class='ocrx_word' id='word_1_175' title='bbox 2796 3483 3015 3553; x_wconf 75' lang='lat' dir='ltr'><strong><em>“Pek-</em></strong></span> 
     </span>
     <span class='ocr_line' id='line_1_29' title="bbox 914 3587 3016 3675; baseline 0 -21"><span class='ocrx_word' id='word_1_176' title='bbox 914 3588 1145 3655; x_wconf 68' lang='lat' dir='ltr'><em>wadio·</em></span> <span class='ocrx_word' id='word_1_177' title='bbox 1167 3589 1204 3615; x_wconf 92' lang='lat'><em>’&#39;</em></span> <span class='ocrx_word' id='word_1_178' title='bbox 1234 3595 1305 3654; x_wconf 84' lang='lat' dir='ltr'><em>et</em></span> <span class='ocrx_word' id='word_1_179' title='bbox 1350 3588 1691 3654; x_wconf 87' lang='lat' dir='ltr'><em>Scholares</em></span> <span class='ocrx_word' id='word_1_180' title='bbox 1722 3588 1804 3653; x_wconf 88' lang='lat' dir='ltr'><em>de</em></span> <span class='ocrx_word' id='word_1_181' title='bbox 1835 3588 1988 3653; x_wconf 84' lang='lat' dir='ltr'><em>aula</em></span> <span class='ocrx_word' id='word_1_182' title='bbox 2033 3587 2104 3653; x_wconf 87' lang='lat' dir='ltr'><em>S.</em></span> <span class='ocrx_word' id='word_1_183' title='bbox 2140 3587 2476 3667; x_wconf 83' lang='lat' dir='ltr'><em>Edwardi,</em></span> <span class='ocrx_word' id='word_1_184' title='bbox 2506 3590 2684 3654; x_wconf 81' lang='lat' dir='ltr'><em>inter</em></span> <span class='ocrx_word' id='word_1_185' title='bbox 2726 3610 2888 3675; x_wconf 90' lang='lat' dir='ltr'><em>quos</em></span> <span class='ocrx_word' id='word_1_186' title='bbox 2931 3612 3016 3654; x_wconf 81' lang='lat' dir='ltr'><em>ex</em></span> 
     </span>
     <span class='ocr_line' id='line_1_30' title="bbox 914 3689 3014 3779; baseline -0 -24"><span class='ocrx_word' id='word_1_187' title='bbox 914 3698 1159 3756; x_wconf 81' lang='lat' dir='ltr'><em>eventu</em></span> <span class='ocrx_word' id='word_1_188' title='bbox 1190 3691 1489 3756; x_wconf 85' lang='lat' dir='ltr'><em>doloroso</em></span> <span class='ocrx_word' id='word_1_189' title='bbox 1542 3712 1746 3779; x_wconf 81' lang='lat' dir='ltr'><em>grave</em></span> <span class='ocrx_word' id='word_1_190' title='bbox 1773 3689 2018 3756; x_wconf 80' lang='lat' dir='ltr'><em>vulnus</em></span> <span class='ocrx_word' id='word_1_191' title='bbox 2068 3690 2334 3778; x_wconf 87' lang='lat' dir='ltr'><em>recepit,</em></span> <span class='ocrx_word' id='word_1_192' title='bbox 2372 3692 2510 3756; x_wconf 86' lang='lat' dir='ltr'><em>sint</em></span> <span class='ocrx_word' id='word_1_193' title='bbox 2553 3692 2679 3756; x_wconf 86' lang='lat' dir='ltr'><em>sibi</em></span> <span class='ocrx_word' id='word_1_194' title='bbox 2709 3698 2828 3757; x_wconf 74' lang='lat' dir='ltr'><em>aut</em></span> <span class='ocrx_word' id='word_1_195' title='bbox 2878 3692 3014 3757; x_wconf 80' lang='lat' dir='ltr'><em>suis</em></span> 
     </span>
     <span class='ocr_line' id='line_1_31' title="bbox 914 3791 3016 3879; baseline 0 -22"><span class='ocrx_word' id='word_1_196' title='bbox 914 3794 1264 3879; x_wconf 78' lang='lat' dir='ltr'><em>assignatis</em></span> <span class='ocrx_word' id='word_1_197' title='bbox 1293 3816 1409 3879; x_wconf 87' lang='lat' dir='ltr'><em>per</em></span> <span class='ocrx_word' id='word_1_198' title='bbox 1436 3814 1671 3858; x_wconf 81' lang='lat' dir='ltr'><em>manus</em></span> <span class='ocrx_word' id='word_1_199' title='bbox 1716 3792 1990 3857; x_wconf 79' lang='lat' dir='ltr'><em>senioris</em></span> <span class='ocrx_word' id='word_1_200' title='bbox 2023 3791 2470 3857; x_wconf 84' lang='lat' dir='ltr'><em>Procuratoris</em></span> <span class='ocrx_word' id='word_1_201' title='bbox 2515 3791 2572 3877; x_wconf 86' lang='lat' dir='ltr'><em>ej</em></span> <span class='ocrx_word' id='word_1_202' title='bbox 2581 3794 2800 3859; x_wconf 84' lang='lat' dir='ltr'><em>usdem</em></span> <span class='ocrx_word' id='word_1_203' title='bbox 2833 3794 3016 3871; x_wconf 84' lang='lat' dir='ltr'><em>anni,</em></span> 
     </span>
     <span class='ocr_line' id='line_1_32' title="bbox 912 3893 3016 3961; baseline 0 -2"><span class='ocrx_word' id='word_1_204' title='bbox 912 3895 1356 3961; x_wconf 74' lang='lat' dir='ltr'><em>retribuendae</em></span> <span class='ocrx_word' id='word_1_205' title='bbox 1386 3894 1563 3959; x_wconf 87' lang='lat' dir='ltr'><em>infra</em></span> <span class='ocrx_word' id='word_1_206' title='bbox 1593 3894 1875 3961; x_wconf 83' lang='lat' dir='ltr'><em>eundem</em></span> <span class='ocrx_word' id='word_1_207' title='bbox 1903 3914 2156 3959; x_wconf 79' lang='lat' dir='ltr'><em>annum</em></span> <span class='ocrx_word' id='word_1_208' title='bbox 2187 3916 2272 3959; x_wconf 84' lang='lat' dir='ltr'><em>ex</em></span> <span class='ocrx_word' id='word_1_209' title='bbox 2302 3894 2495 3961; x_wconf 83' lang='lat' dir='ltr'><em>bonis</em></span> <span class='ocrx_word' id='word_1_210' title='bbox 2523 3893 3016 3961; x_wconf 76' lang='lat' dir='ltr'><em>UniversitatiS.</em></span> 
     </span>
    </p>
   </div>
   <div class='ocr_carea' id='block_1_10' title="bbox 1312 4142 2598 4235">
    <p class='ocr_par' dir='ltr' id='par_1_12' title="bbox 1312 4142 2598 4235">
     <span class='ocr_line' id='line_1_33' title="bbox 1312 4142 2598 4235; baseline -0.002 -21"><span class='ocrx_word' id='word_1_211' title='bbox 1312 4144 1766 4233; x_wconf 74' lang='lat' dir='ltr'><em>Redemption</em></span> <span class='ocrx_word' id='word_1_212' title='bbox 1809 4144 1890 4235; x_wconf 89' lang='lat' dir='ltr'><em>of</em></span> <span class='ocrx_word' id='word_1_213' title='bbox 1936 4142 2331 4231; x_wconf 71' lang='lat' dir='ltr'><em>University</em></span> <span class='ocrx_word' id='word_1_214' title='bbox 2365 4142 2598 4231; x_wconf 76' lang='lat' dir='ltr'><em>jcwcls.</em></span> 
     </span>
    </p>
   </div>
   <div class='ocr_carea' id='block_1_11' title="bbox 901 4300 3017 4905">
    <p class='ocr_par' dir='ltr' id='par_1_13' title="bbox 901 4300 3017 4905">
     <span class='ocr_line' id='line_1_34' title="bbox 1001 4300 3012 4389; baseline -0.001 -20"><span class='ocrx_word' id='word_1_215' title='bbox 1001 4304 1251 4370; x_wconf 81' lang='lat' dir='ltr'><em>Eodem</em></span> <span class='ocrx_word' id='word_1_216' title='bbox 1313 4304 1421 4370; x_wconf 81' lang='lat' dir='ltr'><em>die</em></span> <span class='ocrx_word' id='word_1_217' title='bbox 1490 4303 1928 4369; x_wconf 84' lang='lat' dir='ltr'><em>deliberatum</em></span> <span class='ocrx_word' id='word_1_218' title='bbox 2005 4307 2107 4369; x_wconf 83' lang='lat' dir='ltr'><em>est</em></span> <span class='ocrx_word' id='word_1_219' title='bbox 2180 4302 2356 4367; x_wconf 83' lang='lat' dir='ltr'><em>inter</em></span> <span class='ocrx_word' id='word_1_220' title='bbox 2431 4302 2778 4389; x_wconf 78' lang='lat' dir='ltr'><em>RegenteS,</em></span> <span class='ocrx_word' id='word_1_221' title='bbox 2839 4300 3012 4389; x_wconf 80' lang='lat' dir='ltr'><em>quod</em></span> 
     </span>
     <span class='ocr_line' id='line_1_35' title="bbox 901 4404 3014 4495; baseline -0.002 -22"><span class='ocrx_word' id='word_1_222' title='bbox 901 4406 1147 4493; x_wconf 78' lang='lat' dir='ltr'><em>jocalia</em></span> <span class='ocrx_word' id='word_1_223' title='bbox 1178 4406 1663 4472; x_wconf 85' lang='lat' dir='ltr'><em>Universitatis</em></span> <span class='ocrx_word' id='word_1_224' title='bbox 1705 4405 2153 4495; x_wconf 78' lang='lat' dir='ltr'><em>impignorata</em></span> <span class='ocrx_word' id='word_1_225' title='bbox 2195 4404 2269 4470; x_wconf 90' lang='lat' dir='ltr'><em>in</em></span> <span class='ocrx_word' id='word_1_226' title='bbox 2313 4404 2590 4470; x_wconf 83' lang='lat' dir='ltr'><em>diversis</em></span> <span class='ocrx_word' id='word_1_227' title='bbox 2619 4405 2818 4484; x_wconf 82' lang='lat' dir='ltr'><em>cistis,</em></span> <span class='ocrx_word' id='word_1_228' title='bbox 2850 4410 3014 4469; x_wconf 84' lang='lat' dir='ltr'><em>tem·</em></span> 
     </span>
     <span class='ocr_line' id='line_1_36' title="bbox 912 4506 3017 4599; baseline -0.001 -24"><span class='ocrx_word' id='word_1_229' title='bbox 912 4531 1068 4599; x_wconf 85' lang='lat' dir='ltr'><em>pore</em></span> <span class='ocrx_word' id='word_1_230' title='bbox 1131 4530 1265 4596; x_wconf 89' lang='lat' dir='ltr'><em>quo</em></span> <span class='ocrx_word' id='word_1_231' title='bbox 1330 4508 1651 4597; x_wconf 82' lang='lat' dir='ltr'><em>Ricardus</em></span> <span class='ocrx_word' id='word_1_232' title='bbox 1716 4508 1908 4575; x_wconf 84' lang='lat' dir='ltr'><em>Luke</em></span> <span class='ocrx_word' id='word_1_233' title='bbox 1972 4507 2103 4573; x_wconf 89' lang='lat' dir='ltr'><em>fuit</em></span> <span class='ocrx_word' id='word_1_234' title='bbox 2147 4506 2556 4591; x_wconf 80' lang='lat' dir='ltr'><em>Procurator,</em></span> <span class='ocrx_word' id='word_1_235' title='bbox 2603 4506 3017 4573; x_wconf 84' lang='lat' dir='ltr'><em>redimantur</em></span> 
     </span>
     <span class='ocr_line' id='line_1_37' title="bbox 909 4608 3016 4699; baseline -0.002 -21"><span class='ocrx_word' id='word_1_236' title='bbox 909 4634 1059 4678; x_wconf 89' lang='lat' dir='ltr'><em>cum</em></span> <span class='ocrx_word' id='word_1_237' title='bbox 1104 4611 1401 4699; x_wconf 77' lang='lat' dir='ltr'><em>pecuniis</em></span> <span class='ocrx_word' id='word_1_238' title='bbox 1443 4612 1750 4698; x_wconf 82' lang='lat' dir='ltr'><em>proximo</em></span> <span class='ocrx_word' id='word_1_239' title='bbox 1810 4610 2213 4697; x_wconf 80' lang='lat' dir='ltr'><em>recipiendis,</em></span> <span class='ocrx_word' id='word_1_240' title='bbox 2275 4609 2368 4676; x_wconf 87' lang='lat' dir='ltr'><em>sic</em></span> <span class='ocrx_word' id='word_1_241' title='bbox 2427 4608 2602 4696; x_wconf 88' lang='lat' dir='ltr'><em>quod</em></span> <span class='ocrx_word' id='word_1_242' title='bbox 2660 4610 3016 4696; x_wconf 83' lang='lat' dir='ltr'><em>proedictus</em></span> 
     </span>
     <span class='ocr_line' id='line_1_38' title="bbox 912 4712 3015 4801; baseline -0.001 -22"><span class='ocrx_word' id='word_1_243' title='bbox 912 4714 1235 4801; x_wconf 85' lang='lat' dir='ltr'><em>Magister</em></span> <span class='ocrx_word' id='word_1_244' title='bbox 1280 4713 1603 4779; x_wconf 86' lang='lat' dir='ltr'><em>Ricardus</em></span> <span class='ocrx_word' id='word_1_245' title='bbox 1632 4734 1964 4799; x_wconf 82' lang='lat' dir='ltr'><em>nusquam</em></span> <span class='ocrx_word' id='word_1_246' title='bbox 2009 4712 2100 4779; x_wconf 84' lang='lat' dir='ltr'><em>sit</em></span> <span class='ocrx_word' id='word_1_247' title='bbox 2143 4713 2468 4800; x_wconf 80' lang='lat' dir='ltr'><em>particeps</em></span> <span class='ocrx_word' id='word_1_248' title='bbox 2514 4712 2696 4777; x_wconf 86' lang='lat' dir='ltr'><em>illius</em></span> <span class='ocrx_word' id='word_1_249' title='bbox 2741 4734 3015 4777; x_wconf 69' lang='lat' dir='ltr'><em>summa&gt;</em></span> 
     </span>
     <span class='ocr_line' id='line_1_39' title="bbox 908 4815 2461 4905; baseline -0.001 -23"><span class='ocrx_word' id='word_1_250' title='bbox 908 4840 1117 4905; x_wconf 86' lang='lat' dir='ltr'><em>usque</em></span> <span class='ocrx_word' id='word_1_251' title='bbox 1162 4818 1501 4883; x_wconf 85' lang='lat' dir='ltr'><em>cautiones</em></span> <span class='ocrx_word' id='word_1_252' title='bbox 1546 4838 1587 4881; x_wconf 86' lang='lat' dir='ltr'><em>a</em></span> <span class='ocrx_word' id='word_1_253' title='bbox 1631 4816 1816 4882; x_wconf 85' lang='lat' dir='ltr'><em>cistis</em></span> <span class='ocrx_word' id='word_1_254' title='bbox 1861 4815 2080 4882; x_wconf 84' lang='lat' dir='ltr'><em>forent</em></span> <span class='ocrx_word' id='word_1_255' title='bbox 2123 4820 2461 4883; x_wconf 83' lang='lat' dir='ltr'><em>extractae.</em></span> 
     </span>
    </p>
   </div>
  </div>
 </body>
</html>
