3466 5635
1023 945 1200 996 AcrA
1247 945 1488 999 cunm
1533 945 2024 1003 cANcELLABn.
2453 936 2577 1005 641

463 1129 802 1220 epitaphio
861 1132 1217 1220 praedicto:
1300 1133 1390 1198 Ec
1464 1132 1522 1199 si
1596 1153 1703 1199 me
1768 1135 1939 1200 mori
2001 1135 2175 1200 infra,
2242 1135 2585 1202 civit-,atem
2692 1097 2735 1180 .'

468 1234 839 1301 Eboracum
884 1235 1247 1321 contingat,
1294 1238 1455 1300 tunc
1498 1235 1693 1301 modo
1741 1237 1811 1301 et
1852 1236 2067 1301 forma
2132 1237 2481 1324 praedictis,
2526 1239 2586 1302 si

463 1336 606 1402 fieri
671 1337 891 1423 possit,
955 1335 1129 1402 infra
1203 1335 1538 1402 ecclesiam
1602 1335 2037 1403 cathedralem
2102 1338 2381 1405 Eboraci
2443 1338 2585 1406 loco

463 1459 744 1504 canones
786 1437 1046 1525 sepeliri
1089 1443 1416 1516 consueto,
1447 1459 1679 1524 corpus
1707 1461 1931 1504 meum
1962 1440 2280 1505 tumulari
2310 1441 2581 1507 ordino:

467 1539 560 1605 Et
589 1539 646 1605 si
691 1561 796 1606 me
839 1539 1008 1605 mori
1051 1540 1398 1626 contingat
1440 1539 1616 1604 infra
1659 1541 2037 1626 parochiam
2083 1541 2165 1606 de
2197 1541 2585 1631 Bugthorpe

465 1641 838 1728 praebendae
883 1662 1048 1707 meae
1101 1641 1576 1719 Eboracensis,.
1623 1651 1785 1708 tunc
1848 1641 2003 1708 volo
2066 1665 2303 1729 corpus
2362 1666 2585 1710 meum

467 1743 726 1831 sepeliri
769 1745 842 1809 in
889 1743 1173 1809 cancello
1239 1743 1520 1810 ecclesiae
1565 1744 1961 1828 parochialis
2004 1743 2375 1831 praebendae
2424 1767 2587 1813 meae

468 1845 824 1931 praedictae,
883 1867 1032 1912 cum
1106 1845 1326 1932 lapide
1401 1849 1472 1912 et
1544 1846 1883 1932 epitaphio
1958 1846 2288 1912 similibus
2361 1869 2587 1935 super-

475 1947 839 2034 ponendis:

559 2049 635 2116 Si
677 2071 837 2116 vero
865 2048 940 2115 in
985 2049 1260 2116 civitate
1306 2050 1446 2115 sive
1490 2049 1654 2114 villa
1698 2049 2020 2115 Wellensi
2062 2072 2169 2115 me
2214 2051 2383 2116 mori
2437 2073 2589 2116 con-

469 2151 716 2238 tigerit,
761 2150 872 2218 vel
914 2172 1138 2238 prope,
1185 2157 1346 2217 tunc
1391 2150 1564 2237 eligo
1608 2172 1825 2217 meam
1876 2151 2283 2237 sepulturam
2328 2153 2403 2216 in
2447 2153 2591 2218 loco

464 2253 583 2318 ubi
656 2253 956 2319 sacerdos
1019 2252 1252 2318 diebus
1327 2251 1674 2318 dominicis
1738 2253 1812 2316 in
1879 2253 2287 2339 processione
2354 2254 2582 2321 fundit

470 2376 689 2441 preces
733 2353 974 2420 stando
1032 2353 1298 2433 ibidem,
1343 2376 1492 2419 cum
1583 2404 1598 2421 .
1690 2406 1704 2421 .
1795 2352 1915 2420 1et
1958 2354 2175 2441 lapide
2236 2377 2312 2421 ac
2356 2357 2591 2422 ceteris

470 2455 824 2542 praemissis
868 2453 1117 2520 ibidem
1162 2455 1516 2521 faciendis,
1567 2454 1658 2521 Et
1701 2455 1759 2520 si
1804 2457 1878 2520 in
1910 2456 2369 2522 Universitate
2415 2456 2590 2522 Oxo-

471 2557 602 2624 niae
715 2611 730 2624 .
820 2609 835 2624 .
927 2609 942 2624 .
1050 2554 1450 2643 1[e]veniat‚
1514 2561 1676 2622 tunc
1738 2558 1888 2622 volo
1955 2557 2171 2623 locum
2233 2559 2589 2645 sepulturae

474 2680 640 2725 meae
685 2677 822 2724 esse
889 2657 964 2723 in
1027 2657 1310 2724 introitu
1369 2659 1596 2744 januae
1641 2658 1925 2725 ecclesiae
2016 2711 2562 2728 ......
2564 2659 2585 2698 ¹

477 2781 702 2827 versus
794 2765 1094 2827 austrum
1181 2758 1597 2825 orientaliter
1667 2759 1743 2827 in
1807 2761 2184 2828 coemeterio
2258 2762 2593 2849 praedictae

472 2863 779 2942 ecclesiae,
853 2862 940 2927 ad
985 2863 1338 2929 terendum
1455 2914 2087 2931 ......
2200 2862 2592 2951 1[p]e'dibus

471 2963 812 3030 hominum
861 2970 1012 3051 post
1077 2970 1360 3030 mortem
1421 2964 1766 3051 putridum
1835 2952 2070 3051 corpus
2132 2988 2369 3043 meum,
2418 2964 2595 3053 quod

472 3066 546 3130 in
590 3066 736 3131 vita
844 3118 858 3132 .
965 3118 980 3132 .
1089 3118 1102 3132 .
1220 3118 1234 3133 .
1350 3118 1364 3133 .
1477 3118 1490 3133 .
1609 3062 1628 3101 ¹
1657 3066 2151 3153 [multiJfariam
2197 3068 2587 3154 superbuit:

473 3166 549 3233 Si
595 3168 770 3233 enim
815 3172 1008 3233 extra
1067 3166 1371 3233 civitates
1417 3166 1526 3232 vel
1569 3168 1714 3233 loca
1756 3168 2093 3254 praedicta,
2140 3170 2319 3234 infra
2361 3175 2590 3236 tamen

470 3318 488 3337 .
588 3316 1029 3337 .....
1033 3268 1059 3308 ²
1154 3268 1318 3356 [me]
1363 3270 1533 3335 mori
1577 3270 1937 3357 contingat,
1967 3277 2129 3337 tunc
2173 3272 2325 3338 volo
2356 3294 2591 3359 corpus

472 3392 692 3439 meum
757 3370 996 3439 deferri
1057 3392 1207 3437 cum
1274 3371 1532 3438 duobus
1641 3423 1655 3438 .
1767 3424 1780 3438 .
1894 3412 1941 3438 .-
2020 3425 2033 3440 .
2076 3408 2081 3413 ·
2126 3426 2141 3440 .
2230 3424 2244 3439 .
2339 3372 2381 3442 ,¹
2470 3376 2589 3441 ciis

471 3474 846 3542 lucentibus
889 3478 1174 3553 tantum,
1221 3479 1301 3540 ut
1359 3474 1714 3560 sepeliatur
1772 3496 2005 3560 corpus
2069 3496 2287 3541 meum
2333 3475 2409 3541 in
2465 3476 2589 3541 ali-

473 3598 605 3663 quo
651 3576 1114 3664 praedictorum
1205 3628 1643 3644 .....
1733 3574 1992 3642 1locum
2038 3578 2271 3643 mortis
2312 3599 2519 3644 meae:

583 3679 780 3755 Item,
845 3678 1002 3743 volo
1071 3677 1249 3763 quod
1322 3677 1555 3743 statim
1641 3683 1997 3765 postquam
2066 3699 2297 3764 corpus
2363 3701 2586 3746 meum

473 3782 799 3848 traditum
841 3780 1042 3846 fuerit
1097 3779 1496 3846 Christianae
1541 3780 1917 3866 sepulturae,
1960 3781 2344 3868 postpositis
2374 3782 2587 3847 omni-

474 3883 602 3949 bus
661 3882 810 3949 aliis
869 3882 1157 3970 negotiis
1215 3888 1458 3969 praeter
1531 3881 1877 3963 funeralia,
1952 3882 2179 3948 debita
2238 3904 2389 3949 mea
2449 3905 2587 3949 om-

474 3986 653 4064 nin0,
698 3984 1068 4073 praesertim
1111 3984 1549 4070 infrascripta,
1595 3984 2100 4070 persolvantur.
2086 4008 2100 4024 ·
2159 3984 2212 4049 I
2206 4006 2261 4051 ‘n
2294 3984 2587 4071 primis,

475 4087 635 4173 quia
697 4086 1164 4153 conscientiam
1230 4085 1442 4152 habeo
1503 4086 1586 4151 de
1647 4105 1726 4151 eo
1794 4085 1971 4171 quod
2018 4086 2239 4151 minus
2302 4086 2588 4172 expendi

471 4188 546 4255 in
594 4189 896 4255 Romana
939 4189 1124 4253 curia
1183 4208 1377 4274 super
1442 4187 1907 4273 impetratione
1972 4185 2311 4273 cujusdam
2352 4188 2606 4279 gratiae

477 4291 564 4356 ad
658 4290 1186 4376 incompatibilia
1247 4308 1366 4376 pro
1443 4288 1710 4355 domino
1786 4287 2113 4354 Nicholao
2191 4289 2611 4376 Capronuin,

475 4392 813 4478 quondam
857 4396 1111 4457 rectore
1157 4392 1238 4457 de
1284 4390 1694 4477 Wytesham,
1729 4390 2230 4457 Oantuariensis
2272 4391 2591 4468 dioecesis,

474 4493 626 4559 volo
670 4493 849 4580 quod
895 4494 1185 4579 quinque
1228 4515 1466 4559 marcae
1498 4492 1581 4558 de
1633 4491 1829 4558 bonis
1875 4492 2042 4558 meis
2086 4493 2593 4573 distribuantur,

474 4617 593 4683 pro
659 4596 886 4660 anima
952 4594 1112 4660 dicti
1194 4594 1449 4660 domini
1515 4594 1584 4659 N
1586 4594 1830 4660 icholai
1884 4594 2027 4681 jam
2098 4595 2417 4671 defuncti,
2464 4616 2583 4680 per

489 4734 662 4742 -——.-

811 4784 828 4816 ¹
853 4784 966 4835 The
988 4798 1166 4835 corner
1188 4785 1248 4834 of
1263 4784 1349 4835 the
1365 4783 1490 4834 folio
1511 4783 1566 4833 in
1589 4784 1677 4836 the
1699 4782 1813 4835 MS.
1836 4782 1929 4835 has
1950 4784 2077 4836 been
2098 4793 2212 4836 torn
2235 4784 2319 4836 off.

2118 4880 2153 4929 s
2192 4881 2228 4929 s
2275 4868 2316 4929 2
