3466 5635
835 831 964 894 606
1383 836 1561 888 Aen
1603 837 1843 887 cunm
1889 833 2374 888 cmcnnmn.

830 1027 1192 1107 metalium,
1241 1030 1313 1091 et
1355 1047 1476 1092 sex
1503 1023 1751 1091 solidos
1780 1027 1930 1090 octo
1960 1022 2281 1101 denarios,
2330 1022 2418 1088 ad
2462 1019 2785 1086 orandum
2828 1038 2951 1105 pro

829 1129 1058 1194 anima
1102 1149 1265 1194 mea.

920 1230 971 1294 Ι
965 1236 1110 1307 tem,
1175 1227 1264 1294 do
1331 1232 1402 1295 et
1466 1226 1614 1316 lego
1677 1225 1997 1294 stati-ibus
2062 1223 2439 1292 Haverford
2507 1223 2673 1288 duos
2739 1221 2945 1287 libros

831 1330 1150 1397 Godfredi
1194 1335 1264 1396 et
1309 1329 1712 1410 Rexmundi,
1748 1333 1818 1394 et
1862 1350 1981 1395 sex
2025 1326 2269 1396 solidos
2313 1331 2460 1393 octo
2506 1325 2828 1404 denarios,
2858 1323 2947 1388 ad

831 1433 1156 1498 orandum
1199 1453 1320 1519 pro
1363 1432 1588 1497 anima
1633 1449 1797 1496 mea.

919 1533 970 1600 I
965 1541 1111 1614 tem,
1178 1533 1331 1602 volo
1397 1539 1480 1599 ut
1541 1554 1770 1599 omnes
1833 1531 1955 1598 alii
2020 1531 2178 1596 libri
2240 1531 2368 1598 mei
2440 1530 2834 1609 vendantur,
2881 1533 2953 1594 et

829 1636 1118 1722 pretium
1185 1635 1629 1702 distribuatur
1689 1634 1871 1700 inter
1928 1654 2266 1720 pauperes,
2337 1632 2583 1698 missali
2652 1635 2946 1717 excepto,

831 1738 1009 1823 quod
1053 1737 1205 1804 volo
1267 1742 1346 1802 ut
1411 1737 1720 1802 tradatur
1765 1735 1814 1801 J
1817 1735 2064 1801 ohanni
2112 1732 2397 1814 Orabell,
2458 1733 2743 1799 durante
2804 1734 2952 1798 vita

828 1839 1054 1924 ipsius,
1102 1844 1186 1918 et,
1232 1843 1384 1925 post
1428 1842 1710 1904 mortem
1756 1836 1914 1923 ejus,
1959 1835 2113 1902 volo
2156 1840 2239 1901 ut
2280 1835 2631 1915 vendatur,
2680 1840 2749 1900 et
2806 1856 2955 1921 pne·

830 1939 1002 2005 tium
1047 1939 1357 2006 tradatur
1400 1938 1739 2026 capellano
1806 1939 2086 2004 honesto
2148 1937 2235 2004 ad
2296 1935 2762 2004 celebrandum
2828 1958 2950 2022 pro

831 2041 1180 2107 animabus
1223 2042 1434 2128 patris
1479 2047 1550 2108 et
1593 2041 1829 2106 matris
1872 2061 2055 2106 meae.

919 2141 970 2208 I
964 2153 1111 2221 tem,
1159 2141 1245 2208 do
1289 2148 1360 2208 et
1401 2142 1548 2231 lego
1594 2142 1879 2228 ecclesiae
1926 2141 1989 2208 S.
2038 2139 2385 2208 Ishmiielis
2434 2140 2641 2227 juxta
2688 2139 2948 2206 Haver-

835 2246 985 2311 ford
1007 2243 1027 2281 ¹
1076 2267 1286 2310 unum
1332 2266 1454 2330 par
1495 2243 2050 2310 vestimentorum
2115 2243 2361 2309 diversi
2404 2242 2656 2322 coloris,
2704 2247 2774 2308 et
2816 2247 2954 2308 tres

829 2347 1071 2414 solidos
1114 2351 1402 2432 quatuor
1465 2345 1789 2424 denarios,
1834 2344 1923 2409 ad
1984 2344 2307 2411 orandum
2374 2365 2494 2429 pro
2562 2344 2787 2408 anima
2829 2344 2878 2410 J
2879 2366 2951 2409 o-

828 2447 1071 2513 hannis
1117 2446 1375 2513 Harold
1421 2451 1492 2512 et
1535 2467 1656 2534 pro
1701 2446 1924 2512 anima
1968 2468 2129 2512 mea.

919 2553 1112 2631 Item,
1156 2553 1243 2619 do
1289 2556 1358 2618 et
1400 2553 1550 2639 lego
1595 2552 1873 2618 cuilibet
1920 2551 2207 2618 ecclesiae
2266 2549 2439 2616 infra
2482 2551 2907 2618 diaconatum
2924 2551 2953 2588 ⁹

833 2656 916 2722 de
961 2655 1096 2721 Ros
1140 2654 1486 2722 duodecim
1533 2652 1853 2720 denarios.

922 2757 1116 2837 Item,
1161 2757 1248 2823 do
1293 2762 1362 2823 et
1406 2756 1554 2845 lego
1621 2754 1898 2823 cuilibet
1964 2755 2260 2822 omnium
2325 2775 2677 2842 puerorum
2744 2777 2786 2821 a
2846 2776 2953 2822 me

833 2859 1326 2925 sublevatorum
1371 2882 1414 2924 a
1457 2879 1639 2925 sacro
1676 2860 1880 2938 fonte,
1914 2858 2347 2925 existentium
2375 2856 2551 2923 infra
2578 2857 2953 2943 parochiam

834 2961 1257 3041 antedictam,
1303 2960 1652 3027 duodecim
1695 2960 2016 3027 denarios.

923 3062 1115 3141 Item,
1165 3061 1251 3128 do
1297 3068 1366 3128 et
1409 3062 1557 3149 lego
1603 3061 1913 3128 omnibus
1956 3061 2332 3150 virginibus
2378 3061 2633 3128 viribus
2650 3060 2678 3099 ⁸
2722 3068 2955 3149 peten-

834 3154 1018 3229 tibus
1065 3163 1232 3229 duos
1285 3164 1549 3243 solidos,
1601 3163 2054 3231 existentibus
2098 3163 2275 3229 infra
2318 3164 2693 3251 parochiam
2738 3188 2953 3232 meam

835 3265 1283 3331 antedictam:

835 3419 842 3429 .
927 3365 1118 3447 Item,
1162 3367 1316 3433 volo
1364 3371 1435 3433 et
1480 3367 1630 3455 lego
1681 3368 2021 3455 capellano
2085 3367 2363 3435 honesto
2424 3368 2783 3436 celebranti
2834 3389 2952 3456 per

838 3474 972 3535 tres
1033 3491 1243 3536 annos
1287 3469 1538 3557 viginti
1581 3491 1877 3550 marca83

851 3632 858 3639 .
928 3572 1293 3637 Residuum
1338 3593 1496 3638 vero
1541 3573 1872 3639 bonorum
1917 3592 2215 3637 meorum
2258 3595 2397 3639 non
2440 3574 2809 3661 legatorum
2864 3572 2953 3639 do

839 3678 908 3739 et
952 3674 1100 3760 lego
1147 3673 1472 3761 Magistro
1520 3672 1746 3739 David
1789 3672 2139 3751 Husbond,
2170 3674 2243 3738 in
2273 3674 2529 3762 legibus
2559 3674 2951 3758 Bacoelarin,

841 3774 1162 3862 Magistro
1207 3775 1502 3842 Waltero
1549 3774 1756 3855 West,
1802 3774 2005 3842 Petro
2051 3774 2271 3863 Dyan‚
2327 3777 2594 3853 clericiS.
2654 3777 2703 3843 J
2702 3778 2953 3844 ohanni

840 3875 1125 3963 Hoskyn
1156 3877 1413 3959 seniori,
1446 3882 1527 3943 ut
1553 3876 1685 3964 ipsi
1713 3876 1873 3943 inde
1918 3877 2230 3944 ordinent
2258 3883 2326 3945 et
2356 3879 2731 3967 disponant,
2752 3887 2955 3967 prout

837 3977 972 4045 illis
1015 4001 1133 4066 pro
1185 3978 1400 4045 salute
1461 3978 1704 4044 animae
1767 4000 1933 4046 meae
2000 3978 2235 4045 melius
2299 3979 2639 4046 videbitur
2710 3981 2953 4047 facien-

842 4081 1045 4160 dum3
1104 4086 1173 4146 et
1217 4080 1480 4147 eosdem
1524 4101 1706 4147 meos
1750 4080 1918 4147 facio
1963 4087 2363 4161 executores,
2410 4083 2647 4148 ordino
2692 4088 2761 4149 et
2805 4105 2955 4149 con-

839 4181 1049 4248 stituo
1077 4204 1197 4269 per
1223 4188 1598 4270 praesentes,
1627 4187 1708 4249 ut
1738 4182 1885 4270 ipsi,
1922 4182 2137 4248 Deum
2183 4205 2323 4269 prae
2366 4184 2570 4250 oculis
2615 4184 2952 4264 habentes,

841 4304 1126 4371 praesens
1169 4290 1641 4351 testamentum
1672 4306 1895 4350 meum
1924 4284 2211 4350 fideliter
2240 4290 2653 4372 exequantur
2683 4291 2751 4352 et
2779 4308 2953 4353 com-

913 4566 929 4599 ¹
953 4564 1250 4633 Hoversord.
1938 4566 2075 4629 here,
2099 4570 2296 4634 though
2318 4570 2459 4621 there
2480 4570 2526 4619 is
2548 4570 2803 4635 evidently
2814 4584 2957 4622 some

911 4645 934 4679 ²
955 4645 1288 4709 demnatum,
1307 4644 1420 4696 MS.
1938 4662 2080 4698 error
2102 4648 2162 4698 of
2188 4649 2273 4699 the
2306 4648 2625 4713 transcribet,
2650 4648 2843 4701 viribus
2874 4648 2961 4700 for

909 4724 932 4757 ⁸
952 4724 1118 4776 There
1138 4725 1185 4775 is
1204 4739 1274 4775 no
1295 4722 1538 4789 difficulty
1560 4721 1612 4774 in
1633 4724 1722 4776 the
1742 4724 1857 4777 MS.
1938 4727 2071 4777 viros
2090 4726 2303 4792 perhaps
2324 4729 2349 4779 ἲ
