3466 5635
949 865 1082 929 484
1264 880 1450 930 unm
1497 875 1959 928 cmcnmsn
2006 879 2090 927 ΕΤ
2135 873 2717 927 Psocum'romm

951 1051 1276 1141 gentium,
1351 1051 1426 1116 in
1504 1071 1638 1138 qua
1654 1051 1674 1088 ¹
1774 1051 2251 1140 Magistrorum
2324 1051 2603 1119 arbitrio
2678 1050 3067 1118 rationabili

949 1154 1268 1241 praedicta
1310 1153 1502 1242 briga
1543 1153 1852 1221 totaliter
1894 1155 1987 1220 sit
2030 1154 2305 1237 sedata3
2372 1155 2441 1220 et
2500 1154 2559 1219 si
2608 1153 2758 1240 quis
2802 1155 3065 1220 ordina-

947 1257 1121 1323 tioni
1138 1255 1166 1294 ²
1235 1256 1785 1345 congregationis
1848 1255 2239 1324 submittere
2301 1258 2608 1336 noluerit,
2676 1259 2735 1322 si
2803 1257 3065 1346 Regens

949 1361 1171 1440 fuerit,
1215 1381 1259 1425 a
1305 1357 1837 1447 Congregatione
1882 1360 1972 1425 sit
2016 1361 2322 1425 exclusus
2367 1360 2675 1426 totaliter
2719 1381 3060 1450 quousque

950 1461 1360 1530 ordinationi
1377 1459 1406 1498 ⁸
1453 1461 2007 1551 congregationis
2054 1461 2426 1529 reddiderit
2484 1483 2553 1528 se
2620 1463 3061 1546 conformem;

947 1565 1126 1653 quod
1153 1566 1210 1631 si
1241 1566 1504 1652 Regens
1546 1586 1683 1632 non
1711 1565 1916 1632 fuerit
1958 1587 2077 1652 per
2120 1585 2319 1652 quem
2364 1565 2682 1632 suscitata
2726 1571 2829 1632 est
2874 1566 3064 1655 briga

947 1670 1120 1747 talis,
1190 1668 1300 1734 vel
1349 1689 1468 1756 per
1527 1689 1722 1756 quem
1770 1673 2002 1734 eontra
2052 1669 2455 1734 sententiam
2504 1667 3056 1757 congregationis

947 1771 1362 1838 contumacia
1405 1772 1514 1837 vel
1533 1769 1560 1806 ⁴
1605 1771 1991 1838 accenditur
2033 1771 2143 1837 vel
2194 1770 2477 1850 fovetur,
2526 1771 2612 1837 ab
2672 1772 2855 1838 omni
2901 1777 3056 1839 actu

949 1875 1361 1954 scholastice,
1429 1895 1771 1960 quousque
1829 1875 2143 1961 paruerit,
2205 1873 2667 1960 suspendatur,
2711 1897 2853 1954 nec,
2900 1874 3060 1940 dum

945 1976 1210 2042 rebellis
1252 1975 1472 2054 fuerit,
1519 1976 1809 2062 gaudeat
1854 1974 2221 2063 privilegiis
2282 1975 2769 2042 Universitatis
2813 1976 3052 2063 quovis

945 2079 1184 2160 modo;
1259 2077 1430 2165 quod
1489 2078 1547 2142 si
1599 2082 1795 2143 tanta
1836 2079 2039 2144 fuerit
2088 2078 2409 2144 dissensio
2453 2076 2632 2144 inter
2698 2079 2879 2165 ipsos
2931 2079 3057 2145 Re-

943 2187 1178 2270 gentes
1222 2182 1400 2267 quod
1445 2201 1584 2246 non
1627 2181 1841 2267 possit
1886 2181 2067 2247 dicto
2111 2182 2309 2247 modo
2362 2181 2619 2259 sedari„
2640 2187 2805 2248 tunc
2856 2182 3058 2248 tertio

943 2285 1054 2351 die
1097 2285 1206 2350 vel
1273 2287 1529 2369 quart0‚
1579 2287 1730 2370 post
1783 2283 1996 2350 dictos
2014 2281 2041 2318 ⁶
2105 2284 2243 2350 dies
2307 2285 2545 2372 laps08‚
2593 2283 3059 2366 cancellarius,

943 2387 1052 2453 vel
1094 2386 1574 2463 Procuratores,
1621 2387 1680 2450 si
1742 2407 1880 2452 non
1944 2386 2350 2452 consenserit
2414 2385 2882 2465 Cancellarius,
2928 2387 3055 2452 Re-

942 2493 1172 2577 gentes
1235 2492 1305 2554 et
1367 2487 1436 2550 N
1438 2509 1552 2552 on
1551 2493 1853 2574 regentes
1906 2493 2259 2575 congreget
2324 2489 2433 2554 vel
2494 2493 2915 2576 congregent,
2978 2494 3059 2556 ut

945 2591 1266 2659 dissensio
1310 2611 1430 2678 per
1477 2610 1588 2655 eos
1631 2591 1935 2656 totaliter
1969 2591 2313 2678 sopiatur;
2358 2595 2427 2658 et
2473 2591 2589 2677 qui
2632 2595 2785 2678 post
2830 2612 3055 2657 eorum

946 2697 1284 2762 decretum
1368 2692 1636 2758 rebellis
1693 2691 1917 2758 fuerit
1994 2699 2065 2758 et
2156 2693 2565 2772 dissentiens,
2628 2695 2800 2759 sicut
2872 2695 3058 2780 prius

949 2820 1178 2888 poenas
1207 2795 1556 2885 praedictas
1597 2795 1896 2862 incurrat
1919 2821 1934 2877 ;
1956 2795 2161 2883 juxta
2190 2795 2451 2862 decreta
2476 2817 2635 2863 vero
2662 2796 3060 2885 hujusmodi,

963 2902 1105 2969 sive
1151 2901 1551 2988 Regentium
1597 2899 1805 2964 fuerit
1869 2899 2010 2964 sive
2077 2898 2477 2985 Regentium
2526 2903 2599 2965 et
2644 2898 3059 2987 Non—regen-

947 3006 1138 3083 tium,
1186 3008 1416 3070 oontra
1461 3000 1741 3067 rebelles
1794 3000 2037 3088 exequi
2068 3000 2533 3068 Procuratores
2579 3002 3059 3071 Universitatis

945 3130 1013 3175 se
1059 3108 1272 3174 sciant
1317 3104 1599 3193 astringi
1643 3125 1763 3190 per
1805 3104 2025 3170 fidem.

1035 3210 1260 3276 Factis
1289 3213 1513 3273 autem
1561 3206 1935 3292 hujusmodi
1968 3206 2607 3293 congregationibus
2638 3206 3057 3294 Regentium,

943 3313 1055 3380 vel
1132 3310 1534 3399 Regentium
1612 3314 1680 3374 et
1750 3308 2327 3395 Non-regentium,
2397 3308 2506 3373 vel
2582 3306 2658 3389 si,
2734 3332 2819 3375 ex
2902 3310 3055 3374 aliis

943 3416 1156 3483 causis
1220 3412 1741 3501 quibuscunque,
1815 3410 2148 3498 Regentes
2205 3410 2315 3476 vel
2377 3410 2707 3497 Regentes
2750 3416 2818 3476 et
2870 3412 2939 3476 N
2940 3434 3056 3476 on-

939 3520 1246 3607 regentes
1289 3514 1540 3581 fuerint
1593 3513 1992 3601 congregati,
2057 3512 2519 3579 Procuratores
2566 3512 3053 3580 Universitatis

939 3620 1270 3699 articulos,
1303 3618 1419 3705 qui
1463 3616 1592 3683 sibi
1623 3623 1692 3683 et
1722 3638 1861 3683 suoe
1894 3614 2197 3682 facultati
2244 3636 2363 3703 pro
2412 3613 2878 3683 Universitate
2924 3616 3054 3681 visi

941 3724 1195 3791 fuerint
1237 3720 1565 3809 expedire,
1599 3726 1976 3808 proponant
2023 3720 2409 3785 tractandos
2427 3718 2455 3757 ⁰
2483 3718 2559 3783 in
2603 3718 2851 3786 eisdem
2896 3742 3049 3785 con-

937 3823 1475 3918 gregationibus3
1518 3846 1640 3891 nec
1683 3822 2007 3909 impediat
2058 3822 2295 3908 aliquis
2341 3820 2577 3908 quovis
2630 3822 2825 3887 modo
2888 3844 3049 3908 quo-

939 3932 1163 3997 minus
1205 3931 1678 4017 proponantur,
1709 3929 1849 4006 aut,
1894 3946 2043 3991 cum
2089 3924 2410 4011 propositi
2454 3922 2718 4003 fuerint,
2763 3929 3045 3990 tracten-

940 4040 1053 4100 tur
1080 4034 1258 4099 inter
1289 4032 1640 4119 Regentes,
1683 4028 1796 4094 vel
1833 4028 2017 4094 inter
2064 4028 2395 4115 Regentes
2426 4032 2495 4094 et
2538 4026 2607 4091 N
2610 4031 3050 4115 on—regentes

942 4159 1064 4203 nec
1107 4134 1464 4222 quominus
1523 4132 1590 4197 N
1594 4154 1708 4198 on
1712 4136 2013 4218 regentes
2057 4135 2126 4196 et
2172 4129 2449 4217 singulae
2478 4126 2825 4195 facultates
2868 4151 3051 4196 more

942 4239 1138 4306 solito
1192 4238 1274 4303 de
1325 4236 1562 4302 iisdem
1613 4234 1911 4299 articulis
1956 4255 2108 4298 suas
2157 4232 2370 4298 dicere
2414 4230 2685 4298 valeant
2728 4232 3051 4299 delibera-

943 4342 1174 4407 tiones.

1009 4658 1024 4687 ¹
1049 4656 1262 4721 ἰροονιιηι
1281 4650 1656 4719 Μαςὺενονιιηι,
1677 4650 1743 4701 Β.
1763 4651 1866 4701 and
1887 4648 1946 4701 C.
2104 4650 2123 4677 ⁴
2146 4644 2223 4697 vel
2240 4646 2450 4697 omitted
2472 4644 2528 4695 in
2545 4645 2615 4696 A.
2638 4646 2740 4698 and
2763 4646 2821 4699 C.
2844 4666 2861 4707 ς
2894 4662 2967 4709 ve,
2984 4646 3031 4697 B

1007 4738 1030 4766 ²
1049 4732 1347 4785 ordinationi
1369 4730 1472 4793 eali,
1495 4731 1560 4783 B.
1583 4731 1685 4781 and
1701 4729 1761 4781 C.
2104 4730 2125 4757 ⁵
2145 4726 2281 4789 duos,
2303 4726 2363 4779 C.

1048 4813 1312 4879 ordinarie,
1333 4812 1398 4865 B.
1419 4812 1520 4864 and
1544 4810 1602 4864 C.
2104 4808 2124 4837 ⁸
2146 4802 2415 4867 tractando,
2438 4804 2500 4855 B.
