3466 5635
1010 760 1185 812 Aen
1230 759 1467 812 cuma
1513 758 1993 811 cmcumu.
2421 743 2550 810 689

542 945 674 1014 Pro
717 947 871 1014 aula.
914 945 978 1016 S.
1007 946 1335 1014 Johannis
1376 947 1451 1014 in
1493 946 1803 1034 parochia
1832 945 1901 1014 S·
1933 946 2182 1026 Aldatss
2209 945 2551 1014 Johannes

454 1048 631 1127 Pese‚
676 1049 945 1116 nomine
990 1049 1277 1115 doctoris
1323 1049 1572 1119 Butler.

541 1151 674 1217 Pro
724 1152 880 1218 aula
922 1151 987 1220 S.
1029 1151 1079 1219 J
1080 1151 1375 1232 ohannis,
1424 1151 1744 1241 Magister
1785 1151 1889 1220 W.
1933 1151 2239 1234 Stevene,
2284 1149 2551 1218 nomine

454 1274 733 1341 proprio,

544 1355 675 1424 Pro
716 1355 873 1424 aula
913 1356 1197 1444 Aquilae,
1244 1357 1560 1446 Magister
1605 1357 1936 1426 Robertus
1965 1356 2238 1437 Lawles‚
2283 1353 2554 1424 nomine

456 1458 763 1546 Magistri
806 1459 854 1526 J
857 1458 1135 1526 ohannis
1176 1459 1441 1546 Aneyn.

542 1560 671 1626 Pro
693 1561 848 1627 aula
862 1562 1229 1649 vulgariter
1244 1567 1629 1651 nuncupata
1651 1570 1688 1600 “
1706 1561 1920 1650 Lytyl
1943 1561 2272 1628 Edwarde
2295 1561 2513 1644 Halle,

456 1664 773 1752 Magister
815 1664 861 1732 J
864 1664 1158 1732 ohannes
1202 1666 1471 1745 Mowar,
1522 1664 1964 1752 [fidejussores
2031 1663 2386 1752 Μοῖσαι-ο,
2433 1664 2480 1732 J
2483 1687 2553 1730 o-

456 1766 706 1832 hannes
753 1765 951 1846 Love,
995 1772 1064 1833 et
1113 1766 1441 1834 Robertus
1487 1765 1792 1855 Glover].'

548 1868 680 1936 Pro
752 1870 907 1938 aula
979 1870 1173 1949 Alba,
1248 1871 1499 1938 situata
1576 1871 1784 1958 juxta
1855 1870 2178 1938 venellam
2251 1873 2554 1938 vocatam

455 1980 491 2006 “
512 1971 796 2059 Cheyny
840 1971 1079 2053 Lane‚''
1128 1973 1451 2061 Magister
1495 1973 1545 2040 J
1546 1973 1842 2040 ohannes
1887 1973 2122 2040 Grene.

544 2075 673 2142 Pro
716 2075 871 2141 aula
910 2097 1123 2163 parva
1178 2075 1375 2158 Alba,
1416 2077 1669 2146 situata
1703 2077 1907 2164 juxta
1949 2097 2188 2157 muros,
2236 2075 2556 2164 Magister

292 2227 309 2234 -
455 2178 557 2244 W.
604 2177 993 2279 GoodeJere.

544 2281 674 2348 Pro
718 2281 873 2348 aula
916 2281 1282 2370 vulgariter
1324 2282 1503 2350 dicta-
1562 2287 1603 2320 ‘⁸
1621 2280 1869 2348 Hauke
1915 2279 2170 2362 Halless'
2236 2280 2555 2368 Magister

456 2383 504 2450 J
506 2383 799 2450 ohannes
842 2383 1171 2471 Mederey.

545 2485 677 2551 Pro
722 2486 875 2552 aula
940 2493 975 2522 ‘⁶
1006 2486 1537 2569 Haburdssche‚”
1596 2485 1920 2575 Magister
1975 2485 2025 2553 J
2024 2485 2316 2554 ohannes
2385 2484 2550 2554 Gor-

452 2589 713 2675 nysehe.

546 2691 676 2758 Pro
738 2691 890 2758 aula
954 2692 1297 2759 Edmundi
1338 2693 1414 2757 in
1475 2692 1782 2778 parochia
1841 2691 2070 2759 Beatae
2113 2691 2362 2774 Mariae,
2411 2691 2555 2758 Ma·-

456 2795 661 2884 gister
703 2794 767 2864 J.
814 2795 1073 2885 Pykyg.

548 2900 674 2965 Pro
721 2900 875 2965 aula
916 2899 1238 2988 angulari,
1284 2898 1604 2987 Magister
1649 2899 1980 2967 Henricus
2026 2899 2294 2967 Sutton.

543 3002 733 3068 Idem
761 3003 1078 3089 Magister
1106 3002 1355 3069 Sutton
1381 3024 1501 3089 pro
1526 3002 1683 3069 aula
1711 3002 1992 3084 Urbani,
2021 3003 2286 3069 nomine
2313 3001 2566 3069 domini

458 3104 724 3170 Thomae
754 3105 1109 3191 Thurleby,
1142 3106 1241 3193 [et
1285 3104 1597 3171 exhibuit
1637 3104 2051 3192 fidejussores
2079 3128 2199 3193 pro
2243 3106 2398 3172 aula
2428 3104 2562 3170 Ur-

456 3204 617 3273 bani
644 3208 693 3273 J
694 3207 1021 3273 ohannem
1066 3207 1367 3294 Smythe,
1399 3214 1437 3245 “
1460 3206 1709 3287 balam-,⁹⁹
1754 3213 1824 3275 et
1870 3208 2242 3277 Robertum
2271 3208 2560 3295 Glover]

551 3308 741 3376 Idem
806 3332 925 3397 pro
971 3310 1123 3375 aula
1188 3310 1557 3397 vulgariter
1598 3316 1990 3399 nuncupata
2055 3320 2092 3349 “
2116 3310 2186 3376 N
2187 3310 2566 3389 un-Halle,”

458 3412 726 3487 nomine
770 3412 1079 3500 Magistri
1130 3412 1180 3480 J
1182 3432 1369 3499 onyas,
1431 3418 1501 3481 et
1560 3414 1826 3481 invenit
1869 3411 2280 3499 fidejussores
2345 3434 2563 3481 eoram

458 3516 727 3582 domino
774 3516 1179 3583 cancellario
1225 3517 1297 3581 Τ.
1349 3514 1693 3602 Gylbarde
1736 3520 1808 3585 et
1851 3516 2173 3583 Thomam
2217 3516 2500 3585 Marton.

548 3620 740 3687 Idem
786 3620 1107 3707 Magister
1152 3620 1479 3686 Hem-icus
1548 3618 1801 3688 Sutton
1845 3619 2152 3687 exhibuit
2193 3620 2562 3685 cautionem

460 3746 580 3811 pro
641 3722 795 3789 aula
857 3722 1327 3812 Christopheri,
1394 3721 1468 3787 in
1543 3724 1810 3789 nomine
1870 3721 2180 3809 Magistri
2237 3721 2286 3787 J
2287 3721 2564 3787 ohannis

458 3826 765 3893 Arnolde.

552 3927 742 3995 Idem
786 3950 907 4016 pro
950 3928 1104 3995 aula
1133 3926 1440 4009 Tam-ina,
1472 3928 1545 3995 in
1592 3928 1864 3996 nomine
1895 3927 2204 4015 Magistri
2232 3926 2281 3993 J
2282 3926 2564 3995 ohannis

460 4032 768 4119 Paynter.

548 4135 679 4201 Pro
740 4136 1001 4223 magnis
1068 4134 1309 4201 scholis
1364 4134 1541 4222 juris
1608 4135 1841 4215 civilis,
1881 4133 2204 4222 Magister
2245 4132 2314 4203 J.
2382 4132 2564 4212 Paeo,

461 4238 731 4307 nomine
772 4238 1057 4305 doctoris
1098 4238 1475 4324 Lyohfelde.

554 4341 743 4407 Idem
772 4362 895 4427 prq
923 4340 1078 4406 aula
1106 4340 1477 4429 vulgariter
1504 4346 1890 4430 nuncupata
1919 4348 1952 4381 ‘⁶
1971 4337 2042 4409 N
2044 4335 2566 4428 evome-ymo?

461 4444 728 4510 nomine
772 4443 1063 4531 ejusdem
1110 4444 1413 4511 doctoris.

550 4547 739 4614 Idem
781 4569 901 4634 pro
944 4547 1100 4614 aula
1142 4552 1523 4637 nuncupata
1568 4554 1605 4587 “
1628 4544 2052 4631 Nun-halle,’'
2093 4546 2363 4614 nomine
2421 4544 2568 4613 Mae

458 4651 653 4739 gistri
694 4650 1049 4739 Reginaldi
1092 4648 1448 4741 Wyllyam.

2077 4784 2298 4848 xx2
