<?xml version="1.0" encoding="UTF-8"?>
<!DOCTYPE html PUBLIC "-//W3C//DTD XHTML 1.0 Transitional//EN"
    "http://www.w3.org/TR/xhtml1/DTD/xhtml1-transitional.dtd">
<html xmlns="http://www.w3.org/1999/xhtml" xml:lang="en" lang="en">
 <head>
  <title>
</title>
<meta http-equiv="Content-Type" content="text/html;charset=utf-8" />
  <meta name='ocr-system' content='tesseract 3.04.00' />
  <meta name='ocr-capabilities' content='ocr_page ocr_carea ocr_par ocr_line ocrx_word'/>
</head>
<body>
  <div class='ocr_page' id='page_1' title='image "./munimentaacadem00anstgoog_0407.png"; bbox 0 0 3466 5635; ppageno 0'>
   <div class='ocr_carea' id='block_1_1' title="bbox 55 1149 57 1860">
    <p class='ocr_par' dir='ltr' id='par_1_1' title="bbox 55 1149 57 1860">
     <span class='ocr_line' id='line_1_1' title="bbox 55 1149 57 1860; baseline 0 0"><span class='ocrx_word' id='word_1_1' title='bbox 55 1149 57 1860; x_wconf 95' lang='lat' dir='ltr'><strong> </strong></span> 
     </span>
    </p>
   </div>
   <div class='ocr_carea' id='block_1_2' title="bbox 864 775 2521 846">
    <p class='ocr_par' dir='ltr' id='par_1_2' title="bbox 864 775 2521 846">
     <span class='ocr_line' id='line_1_2' title="bbox 864 775 2521 846; baseline -0.001 0"><span class='ocrx_word' id='word_1_2' title='bbox 864 809 869 818; x_wconf 90' lang='lat'><strong>·</strong></span> <span class='ocrx_word' id='word_1_3' title='bbox 941 775 1073 846; x_wconf 84' lang='lat'><strong>762</strong></span> <span class='ocrx_word' id='word_1_4' title='bbox 1456 790 1862 843; x_wconf 70' lang='lat' dir='ltr'><strong>cArALooun</strong></span> <span class='ocrx_word' id='word_1_5' title='bbox 1907 794 1996 842; x_wconf 78' lang='lat' dir='ltr'><strong>or</strong></span> <span class='ocrx_word' id='word_1_6' title='bbox 2038 793 2258 844; x_wconf 65' lang='lat' dir='ltr'><strong>mons</strong></span> <span class='ocrx_word' id='word_1_7' title='bbox 2301 794 2521 844; x_wconf 73' lang='lat' dir='ltr'><strong>amm</strong></span> 
     </span>
    </p>
   </div>
   <div class='ocr_carea' id='block_1_3' title="bbox 928 964 2990 1477">
    <p class='ocr_par' dir='ltr' id='par_1_3' title="bbox 938 964 1892 1054">
     <span class='ocr_line' id='line_1_3' title="bbox 938 964 1892 1054; baseline 0.002 -12"><span class='ocrx_word' id='word_1_8' title='bbox 938 964 1126 1054; x_wconf 78' lang='lat' dir='ltr'><strong><em>Item,</em></strong></span> <span class='ocrx_word' id='word_1_9' title='bbox 1232 977 1713 1044; x_wconf 70' lang='lat' dir='ltr'><strong>Constantinus</strong></span> <span class='ocrx_word' id='word_1_10' title='bbox 1817 979 1892 1044; x_wconf 89' lang='lat' dir='ltr'><strong>in</strong></span> 
     </span>
    </p>

    <p class='ocr_par' dir='ltr' id='par_1_4' title="bbox 932 1081 2990 1263">
     <span class='ocr_line' id='line_1_4' title="bbox 1022 1081 2990 1168; baseline 0.002 -23"><span class='ocrx_word' id='word_1_11' title='bbox 1022 1081 1351 1168; x_wconf 67' lang='lat' dir='ltr'><strong>Pantegni</strong></span> <span class='ocrx_word' id='word_1_12' title='bbox 1440 1119 1469 1134; x_wconf 92' lang='lat'><strong>·-</strong></span> <span class='ocrx_word' id='word_1_13' title='bbox 1648 1115 1675 1132; x_wconf 79' lang='lat'>-</span> <span class='ocrx_word' id='word_1_14' title='bbox 1859 1115 1886 1132; x_wconf 90' lang='lat'><em>-</em></span> <span class='ocrx_word' id='word_1_15' title='bbox 1971 1082 2258 1148; x_wconf 79' lang='lat' dir='ltr'><strong>secundo</strong></span> <span class='ocrx_word' id='word_1_16' title='bbox 2285 1081 2460 1160; x_wconf 88' lang='lat' dir='ltr'><strong>folio,</strong></span> <span class='ocrx_word' id='word_1_17' title='bbox 2489 1081 2990 1168; x_wconf 57' lang='lat' dir='ltr'><strong>aefflwltwddnm</strong></span> 
     </span>
     <span class='ocr_line' id='line_1_5' title="bbox 932 1183 1888 1263; baseline 0.002 -15"><span class='ocrx_word' id='word_1_18' title='bbox 932 1183 1122 1263; x_wconf 80' lang='lat' dir='ltr'><strong><em>Item,</em></strong></span> <span class='ocrx_word' id='word_1_19' title='bbox 1154 1183 1399 1248; x_wconf 81' lang='lat' dir='ltr'><strong>Lfflum</strong></span> <span class='ocrx_word' id='word_1_20' title='bbox 1436 1183 1758 1249; x_wconf 80' lang='lat' dir='ltr'><strong>Bernardi</strong></span> <span class='ocrx_word' id='word_1_21' title='bbox 1805 1184 1888 1250; x_wconf 80' lang='lat' dir='ltr'><strong>de</strong></span> 
     </span>
    </p>

    <p class='ocr_par' dir='ltr' id='par_1_5' title="bbox 928 1287 2926 1477">
     <span class='ocr_line' id='line_1_6' title="bbox 1022 1287 2926 1374; baseline 0.001 -21"><span class='ocrx_word' id='word_1_22' title='bbox 1022 1287 1357 1353; x_wconf 86' lang='lat' dir='ltr'><strong>Gordonio</strong></span> <span class='ocrx_word' id='word_1_23' title='bbox 1428 1325 1457 1340; x_wconf 92' lang='lat'><strong>-·</strong></span> <span class='ocrx_word' id='word_1_24' title='bbox 1636 1323 1670 1340; x_wconf 89' lang='lat'><strong>-·</strong></span> <span class='ocrx_word' id='word_1_25' title='bbox 1845 1323 1874 1338; x_wconf 92' lang='lat'>-</span> <span class='ocrx_word' id='word_1_26' title='bbox 1961 1288 2250 1354; x_wconf 79' lang='lat' dir='ltr'><strong>secundo</strong></span> <span class='ocrx_word' id='word_1_27' title='bbox 2279 1287 2453 1366; x_wconf 82' lang='lat' dir='ltr'><strong>folio,</strong></span> <span class='ocrx_word' id='word_1_28' title='bbox 2483 1287 2926 1374; x_wconf 58' lang='lat' dir='ltr'><strong>—pilantibzffi</strong></span> 
     </span>
     <span class='ocr_line' id='line_1_7' title="bbox 928 1389 1890 1477; baseline 0.003 -25"><span class='ocrx_word' id='word_1_29' title='bbox 928 1389 979 1452; x_wconf 95' lang='lat' dir='ltr'><strong><em>I</em></strong></span> <span class='ocrx_word' id='word_1_30' title='bbox 974 1395 1120 1467; x_wconf 76' lang='lat' dir='ltr'><strong>tem</strong></span> <span class='ocrx_word' id='word_1_31' title='bbox 1154 1391 1389 1455; x_wconf 75' lang='lat' dir='ltr'><strong>Petrus</strong></span> <span class='ocrx_word' id='word_1_32' title='bbox 1436 1390 1776 1477; x_wconf 80' lang='lat' dir='ltr'><strong>Hispanus</strong></span> <span class='ocrx_word' id='word_1_33' title='bbox 1806 1389 1890 1455; x_wconf 83' lang='lat' dir='ltr'><strong>de</strong></span> 
     </span>
    </p>
   </div>
   <div class='ocr_carea' id='block_1_4' title="bbox 923 1491 2958 2799">
    <p class='ocr_par' dir='ltr' id='par_1_6' title="bbox 928 1491 2731 1682">
     <span class='ocr_line' id='line_1_8' title="bbox 1018 1491 2731 1580; baseline 0.002 -23"><span class='ocrx_word' id='word_1_34' title='bbox 1018 1491 1315 1580; x_wconf 75' lang='lat' dir='ltr'><strong>pulsibus</strong></span> <span class='ocrx_word' id='word_1_35' title='bbox 1440 1529 1467 1542; x_wconf 90' lang='lat'><em>-</em></span> <span class='ocrx_word' id='word_1_36' title='bbox 1853 1529 1884 1544; x_wconf 89' lang='lat'><em>-</em></span> <span class='ocrx_word' id='word_1_37' title='bbox 1969 1492 2252 1559; x_wconf 76' lang='lat' dir='ltr'><strong>secundo</strong></span> <span class='ocrx_word' id='word_1_38' title='bbox 2281 1493 2456 1572; x_wconf 72' lang='lat' dir='ltr'><strong>folio,</strong></span> <span class='ocrx_word' id='word_1_39' title='bbox 2487 1513 2731 1560; x_wconf 70' lang='lat' dir='ltr'><strong>amm.</strong></span> 
     </span>
     <span class='ocr_line' id='line_1_9' title="bbox 928 1592 1896 1682; baseline 0.001 -23"><span class='ocrx_word' id='word_1_40' title='bbox 928 1595 1118 1676; x_wconf 79' lang='lat' dir='ltr'><strong><em>Item,</em></strong></span> <span class='ocrx_word' id='word_1_41' title='bbox 1167 1592 1473 1682; x_wconf 79' lang='lat' dir='ltr'><strong>AEgidius</strong></span> <span class='ocrx_word' id='word_1_42' title='bbox 1518 1596 1599 1662; x_wconf 83' lang='lat' dir='ltr'><strong>de</strong></span> <span class='ocrx_word' id='word_1_43' title='bbox 1646 1595 1896 1674; x_wconf 75' lang='lat' dir='ltr'><strong>UriniS,</strong></span> 
     </span>
    </p>

    <p class='ocr_par' dir='ltr' id='par_1_7' title="bbox 929 1695 2804 1885">
     <span class='ocr_line' id='line_1_10' title="bbox 1018 1695 2804 1783; baseline 0 -21"><span class='ocrx_word' id='word_1_44' title='bbox 1018 1719 1167 1762; x_wconf 88' lang='lat' dir='ltr'><strong>eum</strong></span> <span class='ocrx_word' id='word_1_45' title='bbox 1193 1703 1336 1762; x_wconf 72' lang='lat' dir='ltr'><strong>arbe</strong></span> <span class='ocrx_word' id='word_1_46' title='bbox 1365 1698 1710 1764; x_wconf 83' lang='lat' dir='ltr'><strong>medicinae</strong></span> <span class='ocrx_word' id='word_1_47' title='bbox 1855 1735 1881 1746; x_wconf 95' lang='lat'><em>-</em></span> <span class='ocrx_word' id='word_1_48' title='bbox 1969 1697 2256 1762; x_wconf 84' lang='lat' dir='ltr'><strong>secundo</strong></span> <span class='ocrx_word' id='word_1_49' title='bbox 2283 1695 2463 1777; x_wconf 78' lang='lat' dir='ltr'><strong>folin,</strong></span> <span class='ocrx_word' id='word_1_50' title='bbox 2493 1696 2804 1783; x_wconf 57' lang='lat' dir='ltr'><strong>imm&amp;</strong></span> 
     </span>
     <span class='ocr_line' id='line_1_11' title="bbox 929 1794 2559 1885; baseline 0.001 -21"><span class='ocrx_word' id='word_1_51' title='bbox 929 1799 1122 1877; x_wconf 80' lang='lat' dir='ltr'><strong><em>Item,</em></strong></span> <span class='ocrx_word' id='word_1_52' title='bbox 1153 1799 1336 1885; x_wconf 83' lang='lat' dir='ltr'><strong>Haly</strong></span> <span class='ocrx_word' id='word_1_53' title='bbox 1363 1799 1594 1865; x_wconf 80' lang='lat' dir='ltr'><strong>Abbas</strong></span> <span class='ocrx_word' id='word_1_54' title='bbox 1626 1800 1706 1866; x_wconf 86' lang='lat' dir='ltr'><strong>de</strong></span> <span class='ocrx_word' id='word_1_55' title='bbox 1754 1800 1885 1866; x_wconf 85' lang='lat' dir='ltr'><strong>dis-</strong></span> <span class='ocrx_word' id='word_1_56' title='bbox 2273 1847 2278 1852; x_wconf 86' lang='lat'><em>·</em></span> <span class='ocrx_word' id='word_1_57' title='bbox 2549 1794 2559 1803; x_wconf 56' lang='lat'><em>⁶</em></span> 
     </span>
    </p>

    <p class='ocr_par' dir='ltr' id='par_1_8' title="bbox 928 1900 2916 2092">
     <span class='ocr_line' id='line_1_12' title="bbox 1018 1900 2916 1990; baseline 0.001 -24"><span class='ocrx_word' id='word_1_58' title='bbox 1018 1903 1341 1989; x_wconf 78' lang='lat' dir='ltr'><strong>positione</strong></span> <span class='ocrx_word' id='word_1_59' title='bbox 1370 1903 1575 1990; x_wconf 73' lang='lat' dir='ltr'><strong>regali</strong></span> <span class='ocrx_word' id='word_1_60' title='bbox 1650 1937 1683 1954; x_wconf 81' lang='lat'>-</span> <span class='ocrx_word' id='word_1_61' title='bbox 1858 1939 1885 1952; x_wconf 90' lang='lat'><strong>·</strong></span> <span class='ocrx_word' id='word_1_62' title='bbox 1973 1902 2261 1968; x_wconf 80' lang='lat' dir='ltr'><strong>secundo</strong></span> <span class='ocrx_word' id='word_1_63' title='bbox 2290 1901 2467 1981; x_wconf 82' lang='lat' dir='ltr'><strong>folio,</strong></span> <span class='ocrx_word' id='word_1_64' title='bbox 2496 1900 2650 1967; x_wconf 63' lang='lat' dir='ltr'><strong>-dit</strong></span> <span class='ocrx_word' id='word_1_65' title='bbox 2693 1900 2916 1968; x_wconf 67' lang='lat' dir='ltr'><strong>etima.</strong></span> 
     </span>
     <span class='ocr_line' id='line_1_13' title="bbox 928 2004 1882 2092; baseline -0.002 -22"><span class='ocrx_word' id='word_1_66' title='bbox 928 2006 979 2069; x_wconf 95' lang='lat' dir='ltr'><strong><em>I</em></strong></span> <span class='ocrx_word' id='word_1_67' title='bbox 972 2011 1115 2083; x_wconf 76' lang='lat' dir='ltr'><strong><em>tem,</em></strong></span> <span class='ocrx_word' id='word_1_68' title='bbox 1148 2004 1464 2092; x_wconf 82' lang='lat' dir='ltr'><strong>Serapion</strong></span> <span class='ocrx_word' id='word_1_69' title='bbox 1506 2005 1588 2070; x_wconf 88' lang='lat' dir='ltr'><strong>de</strong></span> <span class='ocrx_word' id='word_1_70' title='bbox 1631 2005 1882 2092; x_wconf 82' lang='lat' dir='ltr'><strong>simpli-</strong></span> 
     </span>
    </p>

    <p class='ocr_par' dir='ltr' id='par_1_9' title="bbox 924 2104 2758 2289">
     <span class='ocr_line' id='line_1_14' title="bbox 1016 2104 2758 2186; baseline -0.001 -14"><span class='ocrx_word' id='word_1_71' title='bbox 1016 2109 1199 2174; x_wconf 76' lang='lat' dir='ltr'><strong>cibus</strong></span> <span class='ocrx_word' id='word_1_72' title='bbox 1227 2109 1569 2174; x_wconf 78' lang='lat' dir='ltr'><strong>medicinis</strong></span> <span class='ocrx_word' id='word_1_73' title='bbox 1642 2148 1669 2158; x_wconf 83' lang='lat'>-</span> <span class='ocrx_word' id='word_1_74' title='bbox 1851 2143 1883 2158; x_wconf 91' lang='lat'>-</span> <span class='ocrx_word' id='word_1_75' title='bbox 1970 2106 2254 2172; x_wconf 78' lang='lat' dir='ltr'><strong>secundo</strong></span> <span class='ocrx_word' id='word_1_76' title='bbox 2283 2106 2461 2186; x_wconf 84' lang='lat' dir='ltr'><strong>folio,</strong></span> <span class='ocrx_word' id='word_1_77' title='bbox 2488 2104 2758 2172; x_wconf 67' lang='grc' dir='ltr'><strong>ἰ’[ησὶειο.</strong></span> 
     </span>
     <span class='ocr_line' id='line_1_15' title="bbox 924 2209 1880 2289; baseline 0 -13"><span class='ocrx_word' id='word_1_78' title='bbox 924 2211 975 2276; x_wconf 93' lang='lat' dir='ltr'><strong><em>I</em></strong></span> <span class='ocrx_word' id='word_1_79' title='bbox 974 2217 1118 2289; x_wconf 72' lang='lat' dir='ltr'><strong><em>tem,</em></strong></span> <span class='ocrx_word' id='word_1_80' title='bbox 1151 2211 1613 2277; x_wconf 74' lang='lat' dir='ltr'><strong>Colleotarium</strong></span> <span class='ocrx_word' id='word_1_81' title='bbox 1704 2209 1880 2276; x_wconf 81' lang='lat' dir='ltr'><strong>Ave-</strong></span> 
     </span>
    </p>

    <p class='ocr_par' dir='ltr' id='par_1_10' title="bbox 926 2309 2851 2503">
     <span class='ocr_line' id='line_1_16' title="bbox 1011 2309 2851 2390; baseline -0.001 -12"><span class='ocrx_word' id='word_1_82' title='bbox 1011 2314 1179 2379; x_wconf 80' lang='lat' dir='ltr'><strong>roise</strong></span> <span class='ocrx_word' id='word_1_83' title='bbox 1224 2354 1251 2364; x_wconf 96' lang='lat'>-</span> <span class='ocrx_word' id='word_1_84' title='bbox 1425 2351 1456 2363; x_wconf 94' lang='lat'><em>-</em></span> <span class='ocrx_word' id='word_1_85' title='bbox 1636 2349 1664 2362; x_wconf 91' lang='lat'><em>-</em></span> <span class='ocrx_word' id='word_1_86' title='bbox 1845 2349 1870 2361; x_wconf 93' lang='lat'>-</span> <span class='ocrx_word' id='word_1_87' title='bbox 1961 2311 2248 2377; x_wconf 83' lang='lat' dir='ltr'><strong>seeundo</strong></span> <span class='ocrx_word' id='word_1_88' title='bbox 2275 2311 2455 2390; x_wconf 89' lang='lat' dir='ltr'><strong>folio,</strong></span> <span class='ocrx_word' id='word_1_89' title='bbox 2487 2309 2665 2376; x_wconf 77' lang='lat' dir='ltr'><strong>dum</strong></span> <span class='ocrx_word' id='word_1_90' title='bbox 2689 2311 2851 2377; x_wconf 66' lang='lat' dir='ltr'><strong>aiut.</strong></span> 
     </span>
     <span class='ocr_line' id='line_1_17' title="bbox 926 2415 1876 2503; baseline -0.002 -22"><span class='ocrx_word' id='word_1_91' title='bbox 926 2416 973 2481; x_wconf 92' lang='lat' dir='ltr'><strong><em>I</em></strong></span> <span class='ocrx_word' id='word_1_92' title='bbox 970 2423 1115 2496; x_wconf 76' lang='lat' dir='ltr'><strong><em>tem,</em></strong></span> <span class='ocrx_word' id='word_1_93' title='bbox 1178 2416 1496 2503; x_wconf 79' lang='lat' dir='ltr'><strong>Serapion</strong></span> <span class='ocrx_word' id='word_1_94' title='bbox 1553 2415 1627 2480; x_wconf 90' lang='lat' dir='ltr'><strong>in</strong></span> <span class='ocrx_word' id='word_1_95' title='bbox 1693 2435 1876 2501; x_wconf 84' lang='lat' dir='ltr'><strong>prac-</strong></span> 
     </span>
    </p>

    <p class='ocr_par' dir='ltr' id='par_1_11' title="bbox 923 2513 2958 2705">
     <span class='ocr_line' id='line_1_18' title="bbox 1012 2513 2958 2595; baseline -0.001 -11"><span class='ocrx_word' id='word_1_96' title='bbox 1012 2520 1145 2584; x_wconf 67' lang='lat' dir='ltr'><strong>bica</strong></span> <span class='ocrx_word' id='word_1_97' title='bbox 1234 2557 1262 2569; x_wconf 93' lang='lat'><em>-</em></span> <span class='ocrx_word' id='word_1_98' title='bbox 1444 2559 1469 2570; x_wconf 94' lang='lat'><em>-</em></span> <span class='ocrx_word' id='word_1_99' title='bbox 1650 2555 1677 2566; x_wconf 94' lang='lat'>-</span> <span class='ocrx_word' id='word_1_100' title='bbox 1855 2554 1883 2566; x_wconf 86' lang='lat'>—</span> <span class='ocrx_word' id='word_1_101' title='bbox 1969 2516 2252 2581; x_wconf 84' lang='lat' dir='ltr'><strong>secundo</strong></span> <span class='ocrx_word' id='word_1_102' title='bbox 2282 2513 2456 2595; x_wconf 85' lang='lat' dir='ltr'><strong>folio,</strong></span> <span class='ocrx_word' id='word_1_103' title='bbox 2485 2522 2548 2582; x_wconf 76' lang='lat' dir='ltr'><strong>et</strong></span> <span class='ocrx_word' id='word_1_104' title='bbox 2575 2522 2958 2583; x_wconf 71' lang='lat' dir='ltr'><strong>stercorum.</strong></span> 
     </span>
     <span class='ocr_line' id='line_1_19' title="bbox 923 2619 1882 2705; baseline 0 -19"><span class='ocrx_word' id='word_1_105' title='bbox 923 2621 1117 2705; x_wconf 83' lang='lat' dir='ltr'><strong><em>Item,</em></strong></span> <span class='ocrx_word' id='word_1_106' title='bbox 1150 2621 1405 2686; x_wconf 74' lang='lat' dir='ltr'>Rhazee</span> <span class='ocrx_word' id='word_1_107' title='bbox 1451 2621 1539 2686; x_wconf 81' lang='lat' dir='ltr'><strong>ad</strong></span> <span class='ocrx_word' id='word_1_108' title='bbox 1587 2619 1882 2686; x_wconf 76' lang='lat' dir='ltr'><strong>Almaeo·</strong></span> 
     </span>
    </p>

    <p class='ocr_par' dir='ltr' id='par_1_12' title="bbox 1010 2720 2821 2799">
     <span class='ocr_line' id='line_1_20' title="bbox 1010 2720 2821 2799; baseline -0.001 -11"><span class='ocrx_word' id='word_1_109' title='bbox 1010 2746 1149 2788; x_wconf 91' lang='lat' dir='ltr'><strong>rem</strong></span> <span class='ocrx_word' id='word_1_110' title='bbox 1227 2761 1253 2774; x_wconf 94' lang='lat'>-</span> <span class='ocrx_word' id='word_1_111' title='bbox 1433 2759 1461 2773; x_wconf 92' lang='lat'>-</span> <span class='ocrx_word' id='word_1_112' title='bbox 1635 2759 1667 2776; x_wconf 89' lang='lat'><strong>·-</strong></span> <span class='ocrx_word' id='word_1_113' title='bbox 1846 2759 1873 2772; x_wconf 93' lang='lat'>-</span> <span class='ocrx_word' id='word_1_114' title='bbox 1963 2721 2253 2788; x_wconf 74' lang='lat' dir='ltr'><strong>secundo</strong></span> <span class='ocrx_word' id='word_1_115' title='bbox 2283 2720 2457 2799; x_wconf 86' lang='lat' dir='ltr'><strong>folio,</strong></span> <span class='ocrx_word' id='word_1_116' title='bbox 2489 2720 2821 2787; x_wconf 72' lang='lat' dir='ltr'><strong>tribuunt.</strong></span> 
     </span>
    </p>
   </div>
   <div class='ocr_carea' id='block_1_5' title="bbox 919 2823 2920 3321">
    <p class='ocr_par' dir='ltr' id='par_1_13' title="bbox 919 2823 2840 2997">
     <span class='ocr_line' id='line_1_21' title="bbox 919 2823 2840 2914; baseline -0.002 -22"><span class='ocrx_word' id='word_1_117' title='bbox 919 2827 970 2892; x_wconf 94' lang='lat' dir='ltr'><strong><em>I</em></strong></span> <span class='ocrx_word' id='word_1_118' title='bbox 967 2832 1112 2905; x_wconf 74' lang='lat' dir='ltr'><strong>tem</strong></span> <span class='ocrx_word' id='word_1_119' title='bbox 1143 2826 1493 2914; x_wconf 81' lang='lat' dir='ltr'><strong>Chirurgia</strong></span> <span class='ocrx_word' id='word_1_120' title='bbox 1522 2826 1759 2891; x_wconf 89' lang='lat' dir='ltr'><strong>Brunii</strong></span> <span class='ocrx_word' id='word_1_121' title='bbox 1849 2862 1876 2877; x_wconf 86' lang='lat'><em>-</em></span> <span class='ocrx_word' id='word_1_122' title='bbox 1967 2824 2254 2891; x_wconf 79' lang='lat' dir='ltr'><strong>secundo</strong></span> <span class='ocrx_word' id='word_1_123' title='bbox 2283 2824 2460 2902; x_wconf 81' lang='lat' dir='ltr'><strong>folio,</strong></span> <span class='ocrx_word' id='word_1_124' title='bbox 2489 2823 2556 2890; x_wconf 68' lang='lat' dir='ltr'><strong>ei</strong></span> <span class='ocrx_word' id='word_1_125' title='bbox 2599 2832 2840 2891; x_wconf 77' lang='lat' dir='ltr'><em>autem.</em></span> 
     </span>
     <span class='ocr_line' id='line_1_22' title="bbox 922 2928 1873 3009; baseline -0.001 -16"><span class='ocrx_word' id='word_1_126' title='bbox 922 2928 1115 3009; x_wconf 78' lang='lat' dir='ltr'><strong><em>Item,</em></strong></span> <span class='ocrx_word' id='word_1_127' title='bbox 1190 2928 1710 2995; x_wconf 74' lang='lat' dir='ltr'><strong>Bartholomaeus</strong></span> <span class='ocrx_word' id='word_1_128' title='bbox 1800 2928 1873 2992; x_wconf 92' lang='lat' dir='ltr'><strong>in</strong></span> 
     </span>
    </p>

    <p class='ocr_par' dir='ltr' id='par_1_14' title="bbox 919 3018 2920 3321">
     <span class='ocr_line' id='line_1_23' title="bbox 1010 3018 2729 3117; baseline -0.001 -22"><span class='ocrx_word' id='word_1_129' title='bbox 1010 3030 1293 3117; x_wconf 72' lang='lat' dir='ltr'><strong>practica</strong></span> <span class='ocrx_word' id='word_1_130' title='bbox 1433 3068 1459 3079; x_wconf 93' lang='lat'>-</span> <span class='ocrx_word' id='word_1_131' title='bbox 1845 3068 1872 3079; x_wconf 93' lang='lat'>-</span> <span class='ocrx_word' id='word_1_132' title='bbox 1962 3018 2246 3094; x_wconf 81' lang='lat' dir='ltr'><strong>secundo</strong></span> <span class='ocrx_word' id='word_1_133' title='bbox 2289 3026 2464 3107; x_wconf 79' lang='lat' dir='ltr'><strong>foli0,</strong></span> <span class='ocrx_word' id='word_1_134' title='bbox 2509 3027 2729 3093; x_wconf 71' lang='lat' dir='ltr'><strong>soleat.</strong></span> 
     </span>
     <span class='ocr_line' id='line_1_24' title="bbox 919 3130 2920 3213; baseline -0.002 -13"><span class='ocrx_word' id='word_1_135' title='bbox 919 3134 1113 3213; x_wconf 79' lang='lat' dir='ltr'><strong><em>Item,</em></strong></span> <span class='ocrx_word' id='word_1_136' title='bbox 1161 3134 1349 3199; x_wconf 62' lang='lat' dir='ltr'><strong>Isana</strong></span> <span class='ocrx_word' id='word_1_137' title='bbox 1392 3133 1475 3197; x_wconf 82' lang='lat' dir='ltr'><strong>de</strong></span> <span class='ocrx_word' id='word_1_138' title='bbox 1518 3131 1874 3198; x_wconf 81' lang='lat' dir='ltr'><strong>febribus·</strong></span> <span class='ocrx_word' id='word_1_139' title='bbox 1963 3132 2247 3198; x_wconf 81' lang='lat' dir='ltr'><strong>secundo</strong></span> <span class='ocrx_word' id='word_1_140' title='bbox 2293 3130 2466 3208; x_wconf 86' lang='lat' dir='ltr'><strong>folio,</strong></span> <span class='ocrx_word' id='word_1_141' title='bbox 2507 3152 2582 3195; x_wconf 67' lang='lat' dir='ltr'><strong>‘re</strong></span> <span class='ocrx_word' id='word_1_142' title='bbox 2626 3130 2920 3197; x_wconf 68' lang='lat' dir='ltr'><strong>tacuisti.</strong></span> 
     </span>
     <span class='ocr_line' id='line_1_25' title="bbox 920 3234 1873 3321; baseline -0.005 -18"><span class='ocrx_word' id='word_1_143' title='bbox 920 3237 971 3303; x_wconf 93' lang='grc' dir='ltr'><em>Ι</em></span> <span class='ocrx_word' id='word_1_144' title='bbox 964 3244 1109 3315; x_wconf 76' lang='lat' dir='ltr'><strong>tem</strong></span> <span class='ocrx_word' id='word_1_145' title='bbox 1155 3236 1481 3302; x_wconf 78' lang='lat' dir='ltr'><strong>Gerardus</strong></span> <span class='ocrx_word' id='word_1_146' title='bbox 1524 3256 1722 3321; x_wconf 83' lang='lat' dir='ltr'><strong>super</strong></span> <span class='ocrx_word' id='word_1_147' title='bbox 1769 3234 1873 3299; x_wconf 90' lang='lat' dir='ltr'><strong>vi-</strong></span> 
     </span>
    </p>
   </div>
   <div class='ocr_carea' id='block_1_6' title="bbox 916 3332 2911 3932">
    <p class='ocr_par' dir='ltr' id='par_1_15' title="bbox 918 3332 2808 3523">
     <span class='ocr_line' id='line_1_26' title="bbox 1008 3332 2808 3415; baseline -0.004 -10"><span class='ocrx_word' id='word_1_148' title='bbox 1008 3340 1257 3405; x_wconf 75' lang='lat' dir='ltr'><strong>aticum</strong></span> <span class='ocrx_word' id='word_1_149' title='bbox 1429 3374 1458 3387; x_wconf 91' lang='lat'>-</span> <span class='ocrx_word' id='word_1_150' title='bbox 1634 3374 1663 3387; x_wconf 90' lang='lat'>-</span> <span class='ocrx_word' id='word_1_151' title='bbox 1842 3372 1872 3387; x_wconf 91' lang='lat'>-</span> <span class='ocrx_word' id='word_1_152' title='bbox 1959 3334 2249 3401; x_wconf 75' lang='lat' dir='ltr'><strong>secundo</strong></span> <span class='ocrx_word' id='word_1_153' title='bbox 2291 3332 2470 3415; x_wconf 74' lang='lat' dir='ltr'><strong>folio,</strong></span> <span class='ocrx_word' id='word_1_154' title='bbox 2500 3333 2808 3400; x_wconf 64' lang='lat' dir='ltr'><strong>iatorwaen.</strong></span> 
     </span>
     <span class='ocr_line' id='line_1_27' title="bbox 918 3439 1872 3523; baseline -0.004 -15"><span class='ocrx_word' id='word_1_155' title='bbox 918 3443 969 3508; x_wconf 96' lang='lat' dir='ltr'><strong><em>I</em></strong></span> <span class='ocrx_word' id='word_1_156' title='bbox 964 3449 1112 3523; x_wconf 76' lang='lat' dir='ltr'><strong><em>tem,</em></strong></span> <span class='ocrx_word' id='word_1_157' title='bbox 1146 3441 1633 3507; x_wconf 79' lang='lat' dir='ltr'><strong>Passionarium</strong></span> <span class='ocrx_word' id='word_1_158' title='bbox 1662 3439 1872 3505; x_wconf 86' lang='lat' dir='ltr'><strong>Theo-</strong></span> 
     </span>
    </p>

    <p class='ocr_par' dir='ltr' id='par_1_16' title="bbox 917 3539 2911 3733">
     <span class='ocr_line' id='line_1_28' title="bbox 1007 3539 2911 3631; baseline -0.002 -21"><span class='ocrx_word' id='word_1_159' title='bbox 1007 3545 1173 3611; x_wconf 83' lang='lat' dir='ltr'><strong>dosii</strong></span> <span class='ocrx_word' id='word_1_160' title='bbox 1215 3543 1583 3631; x_wconf 76' lang='lat' dir='ltr'><strong>presbyteri</strong></span> <span class='ocrx_word' id='word_1_161' title='bbox 1638 3585 1663 3595; x_wconf 94' lang='lat'><em>-</em></span> <span class='ocrx_word' id='word_1_162' title='bbox 1845 3578 1872 3591; x_wconf 92' lang='lat'>-</span> <span class='ocrx_word' id='word_1_163' title='bbox 1963 3540 2247 3607; x_wconf 80' lang='lat' dir='ltr'><strong>secundo</strong></span> <span class='ocrx_word' id='word_1_164' title='bbox 2291 3539 2469 3621; x_wconf 78' lang='lat' dir='ltr'><strong>solie,</strong></span> <span class='ocrx_word' id='word_1_165' title='bbox 2513 3539 2611 3604; x_wconf 74' lang='lat' dir='ltr'><strong>ad</strong></span> <span class='ocrx_word' id='word_1_166' title='bbox 2653 3559 2911 3608; x_wconf 77' lang='lat' dir='ltr'><strong>arcum.</strong></span> 
     </span>
     <span class='ocr_line' id='line_1_29' title="bbox 917 3644 1874 3733; baseline -0.008 -18"><span class='ocrx_word' id='word_1_167' title='bbox 917 3649 1103 3728; x_wconf 80' lang='lat' dir='ltr'><strong><em>Item,</em></strong></span> <span class='ocrx_word' id='word_1_168' title='bbox 1226 3644 1573 3733; x_wconf 78' lang='lat' dir='ltr'><strong>Expositio</strong></span> <span class='ocrx_word' id='word_1_169' title='bbox 1676 3665 1874 3731; x_wconf 76' lang='lat' dir='ltr'><strong>super</strong></span> 
     </span>
    </p>

    <p class='ocr_par' dir='ltr' id='par_1_17' title="bbox 916 3742 2772 3932">
     <span class='ocr_line' id='line_1_30' title="bbox 1004 3742 2772 3823; baseline -0.003 -7"><span class='ocrx_word' id='word_1_170' title='bbox 1004 3772 1179 3816; x_wconf 88' lang='lat' dir='ltr'><strong>nono</strong></span> <span class='ocrx_word' id='word_1_171' title='bbox 1224 3749 1594 3813; x_wconf 81' lang='lat' dir='ltr'><strong>Almazoris</strong></span> <span class='ocrx_word' id='word_1_172' title='bbox 1630 3784 1657 3797; x_wconf 94' lang='lat'>-</span> <span class='ocrx_word' id='word_1_173' title='bbox 1835 3782 1866 3797; x_wconf 94' lang='lat'>-</span> <span class='ocrx_word' id='word_1_174' title='bbox 1955 3745 2240 3811; x_wconf 80' lang='lat' dir='ltr'><strong>secundo</strong></span> <span class='ocrx_word' id='word_1_175' title='bbox 2284 3744 2462 3823; x_wconf 88' lang='lat' dir='ltr'><strong>folio,</strong></span> <span class='ocrx_word' id='word_1_176' title='bbox 2509 3742 2772 3811; x_wconf 68' lang='lat' dir='ltr'><strong>scilicet.</strong></span> 
     </span>
     <span class='ocr_line' id='line_1_31' title="bbox 916 3849 1866 3932; baseline -0.005 -14"><span class='ocrx_word' id='word_1_177' title='bbox 916 3853 1103 3932; x_wconf 78' lang='lat' dir='ltr'><strong><em>Item,</em></strong></span> <span class='ocrx_word' id='word_1_178' title='bbox 1152 3850 1479 3916; x_wconf 67' lang='lat' dir='ltr'><strong>Ger-ardus</strong></span> <span class='ocrx_word' id='word_1_179' title='bbox 1532 3849 1612 3914; x_wconf 83' lang='lat' dir='ltr'><strong>de</strong></span> <span class='ocrx_word' id='word_1_180' title='bbox 1672 3849 1866 3914; x_wconf 91' lang='lat' dir='ltr'><strong>modo</strong></span> 
     </span>
    </p>
   </div>
   <div class='ocr_carea' id='block_1_7' title="bbox 910 3947 2766 4346">
    <p class='ocr_par' dir='ltr' id='par_1_18' title="bbox 910 3947 2766 4242">
     <span class='ocr_line' id='line_1_32' title="bbox 1002 3947 2728 4035; baseline -0.002 -16"><span class='ocrx_word' id='word_1_181' title='bbox 1002 3952 1309 4019; x_wconf 82' lang='lat' dir='ltr'><strong>medendi</strong></span> <span class='ocrx_word' id='word_1_182' title='bbox 1428 3990 1455 4001; x_wconf 94' lang='lat'>-</span> <span class='ocrx_word' id='word_1_183' title='bbox 1634 3990 1659 4005; x_wconf 92' lang='lat'><strong>-·</strong></span> <span class='ocrx_word' id='word_1_184' title='bbox 1839 3986 1867 3999; x_wconf 90' lang='lat'>-</span> <span class='ocrx_word' id='word_1_185' title='bbox 1957 3949 2240 4016; x_wconf 82' lang='lat' dir='ltr'><strong>secundo</strong></span> <span class='ocrx_word' id='word_1_186' title='bbox 2282 3948 2457 4027; x_wconf 83' lang='lat' dir='ltr'><strong>folio,</strong></span> <span class='ocrx_word' id='word_1_187' title='bbox 2493 3947 2728 4035; x_wconf 74' lang='lat' dir='ltr'><strong>facies.</strong></span> 
     </span>
     <span class='ocr_line' id='line_1_33' title="bbox 910 4050 2766 4138; baseline -0.004 -15"><span class='ocrx_word' id='word_1_188' title='bbox 910 4056 1103 4138; x_wconf 81' lang='lat' dir='ltr'><strong><em>Item,</em></strong></span> <span class='ocrx_word' id='word_1_189' title='bbox 1155 4055 1351 4120; x_wconf 85' lang='lat' dir='ltr'><strong>Liber</strong></span> <span class='ocrx_word' id='word_1_190' title='bbox 1393 4054 1735 4119; x_wconf 85' lang='lat' dir='ltr'><strong>medicinae</strong></span> <span class='ocrx_word' id='word_1_191' title='bbox 1835 4090 1860 4101; x_wconf 88' lang='lat'><strong>·</strong></span> <span class='ocrx_word' id='word_1_192' title='bbox 1952 4052 2237 4118; x_wconf 82' lang='lat' dir='ltr'><strong>secundo</strong></span> <span class='ocrx_word' id='word_1_193' title='bbox 2281 4050 2457 4131; x_wconf 88' lang='lat' dir='ltr'><strong>folio,</strong></span> <span class='ocrx_word' id='word_1_194' title='bbox 2503 4050 2766 4137; x_wconf 56' lang='lat' dir='ltr'><strong>pipern„</strong></span> 
     </span>
     <span class='ocr_line' id='line_1_34' title="bbox 910 4154 1868 4242; baseline -0.007 -17"><span class='ocrx_word' id='word_1_195' title='bbox 910 4159 1106 4236; x_wconf 79' lang='lat' dir='ltr'><strong><em>Item,</em></strong></span> <span class='ocrx_word' id='word_1_196' title='bbox 1138 4157 1387 4223; x_wconf 81' lang='lat' dir='ltr'><strong>Mesuae</strong></span> <span class='ocrx_word' id='word_1_197' title='bbox 1434 4156 1517 4221; x_wconf 83' lang='lat' dir='ltr'><strong>de</strong></span> <span class='ocrx_word' id='word_1_198' title='bbox 1558 4154 1868 4242; x_wconf 80' lang='lat' dir='ltr'><strong>simpliei-</strong></span> 
     </span>
    </p>

    <p class='ocr_par' dir='ltr' id='par_1_19' title="bbox 999 4252 2734 4346">
     <span class='ocr_line' id='line_1_35' title="bbox 999 4252 2734 4346; baseline -0.005 -20"><span class='ocrx_word' id='word_1_199' title='bbox 999 4262 1123 4326; x_wconf 81' lang='lat' dir='ltr'><strong>bus</strong></span> <span class='ocrx_word' id='word_1_200' title='bbox 1165 4265 1234 4325; x_wconf 76' lang='lat' dir='ltr'><strong>et</strong></span> <span class='ocrx_word' id='word_1_201' title='bbox 1278 4259 1655 4346; x_wconf 77' lang='lat' dir='ltr'><strong>compositis</strong></span> <span class='ocrx_word' id='word_1_202' title='bbox 1832 4297 1859 4307; x_wconf 97' lang='lat'><em>-</em></span> <span class='ocrx_word' id='word_1_203' title='bbox 1949 4254 2231 4321; x_wconf 79' lang='lat' dir='ltr'><strong>seeundo</strong></span> <span class='ocrx_word' id='word_1_204' title='bbox 2275 4254 2451 4335; x_wconf 74' lang='lat' dir='ltr'><strong>folio,</strong></span> <span class='ocrx_word' id='word_1_205' title='bbox 2485 4252 2734 4321; x_wconf 71' lang='lat' dir='ltr'><strong>(venari.</strong></span> 
     </span>
    </p>
   </div>
   <div class='ocr_carea' id='block_1_8' title="bbox 912 4360 2764 4552">
    <p class='ocr_par' dir='ltr' id='par_1_20' title="bbox 912 4360 2764 4552">
     <span class='ocr_line' id='line_1_36' title="bbox 912 4360 1866 4443; baseline -0.005 -14"><span class='ocrx_word' id='word_1_206' title='bbox 912 4363 960 4428; x_wconf 95' lang='grc' dir='ltr'><em>Ι</em></span> <span class='ocrx_word' id='word_1_207' title='bbox 958 4370 1104 4443; x_wconf 78' lang='lat' dir='ltr'><strong><em>tem,</em></strong></span> <span class='ocrx_word' id='word_1_208' title='bbox 1150 4361 1516 4428; x_wconf 69' lang='lat' dir='ltr'><strong>Platearius</strong></span> <span class='ocrx_word' id='word_1_209' title='bbox 1576 4361 1657 4426; x_wconf 83' lang='lat' dir='ltr'><strong>de</strong></span> <span class='ocrx_word' id='word_1_210' title='bbox 1708 4360 1866 4424; x_wconf 84' lang='lat' dir='ltr'><strong>sim-</strong></span> 
     </span>
     <span class='ocr_line' id='line_1_37' title="bbox 999 4458 2764 4552; baseline -0.003 -21"><span class='ocrx_word' id='word_1_211' title='bbox 999 4466 1279 4552; x_wconf 81' lang='lat' dir='ltr'><strong>plicibus</strong></span> <span class='ocrx_word' id='word_1_212' title='bbox 1425 4502 1455 4513; x_wconf 98' lang='lat'>-</span> <span class='ocrx_word' id='word_1_213' title='bbox 1630 4499 1658 4512; x_wconf 91' lang='lat'>-</span> <span class='ocrx_word' id='word_1_214' title='bbox 1836 4502 1864 4513; x_wconf 95' lang='lat'>-</span> <span class='ocrx_word' id='word_1_215' title='bbox 1951 4461 2234 4527; x_wconf 79' lang='lat' dir='ltr'><strong>secundo</strong></span> <span class='ocrx_word' id='word_1_216' title='bbox 2278 4460 2455 4538; x_wconf 86' lang='lat' dir='ltr'><strong>folio,</strong></span> <span class='ocrx_word' id='word_1_217' title='bbox 2499 4458 2764 4527; x_wconf 71' lang='lat' dir='ltr'><strong>dentur.</strong></span> 
     </span>
    </p>
   </div>
   <div class='ocr_carea' id='block_1_9' title="bbox 911 4564 3006 4753">
    <p class='ocr_par' dir='ltr' id='par_1_21' title="bbox 911 4564 3006 4753">
     <span class='ocr_line' id='line_1_38' title="bbox 911 4564 1864 4661; baseline -0.004 -28"><span class='ocrx_word' id='word_1_218' title='bbox 911 4568 1102 4645; x_wconf 80' lang='lat' dir='ltr'><strong><em>Item,</em></strong></span> <span class='ocrx_word' id='word_1_219' title='bbox 1146 4566 1536 4661; x_wconf 85' lang='lat' dir='ltr'><strong>Wilhelmus</strong></span> <span class='ocrx_word' id='word_1_220' title='bbox 1581 4566 1663 4631; x_wconf 83' lang='lat' dir='ltr'><strong>do</strong></span> <span class='ocrx_word' id='word_1_221' title='bbox 1694 4564 1864 4631; x_wconf 78' lang='lat' dir='ltr'><strong>Sali-</strong></span> 
     </span>
     <span class='ocr_line' id='line_1_39' title="bbox 1000 4664 3006 4753; baseline -0.002 -18"><span class='ocrx_word' id='word_1_222' title='bbox 1000 4674 1142 4735; x_wconf 76' lang='lat' dir='ltr'><strong>oeto</strong></span> <span class='ocrx_word' id='word_1_223' title='bbox 1185 4670 1295 4735; x_wconf 87' lang='lat' dir='ltr'><strong>vel</strong></span> <span class='ocrx_word' id='word_1_224' title='bbox 1340 4668 1678 4735; x_wconf 68' lang='lat' dir='ltr'><strong>Placentia</strong></span> <span class='ocrx_word' id='word_1_225' title='bbox 1835 4704 1859 4717; x_wconf 97' lang='lat'><em>-</em></span> <span class='ocrx_word' id='word_1_226' title='bbox 1948 4665 2236 4733; x_wconf 80' lang='lat' dir='ltr'><strong>secundo</strong></span> <span class='ocrx_word' id='word_1_227' title='bbox 2282 4666 2458 4748; x_wconf 88' lang='lat' dir='ltr'><strong>folio,</strong></span> <span class='ocrx_word' id='word_1_228' title='bbox 2493 4686 2654 4733; x_wconf 76' lang='lat' dir='ltr'><strong>oum</strong></span> <span class='ocrx_word' id='word_1_229' title='bbox 2680 4664 3006 4753; x_wconf 59' lang='lat' dir='ltr'><strong>asomum.</strong></span> 
     </span>
    </p>
   </div>
   <div class='ocr_carea' id='block_1_10' title="bbox 3407 4001 3411 5239">
    <p class='ocr_par' dir='ltr' id='par_1_22' title="bbox 3407 4001 3411 5239">
     <span class='ocr_line' id='line_1_40' title="bbox 3407 4001 3411 5239; baseline 0 0"><span class='ocrx_word' id='word_1_230' title='bbox 3407 4001 3411 5239; x_wconf 95' lang='lat' dir='ltr'><strong> </strong></span> 
     </span>
    </p>
   </div>
  </div>
 </body>
</html>
