3466 5635
1120 669 1298 724 ACTA
1343 671 1578 720 01:31AE
1624 669 2097 720 CANCELLARII.
2528 653 2657 718 649

555 855 630 920 in
675 856 907 943 papiro
951 855 1251 942 scriptos,
1281 855 1364 924 de
1417 855 1833 921 sermonibus
1878 853 2191 922 Jordam:
2235 853 2255 894 ¹
2310 859 2347 890 “
2370 852 2451 922 de
2494 858 2661 922 tem-

555 956 794 1043 parali
836 964 897 1025 et
939 955 1356 1026 sanatorum
1379 957 1440 1024 .·”

645 1056 836 1137 Item,
884 1057 1039 1127 volo
1085 1060 1262 1147 quod
1306 1065 1692 1127 executores
1736 1059 1869 1125 mei
1916 1058 2280 1125 existentes
2326 1057 2661 1128 Londonii

555 1158 666 1227 vel
709 1163 784 1227 in
815 1162 1076 1242 Cantia,
1107 1161 1395 1230 liberent
1423 1168 1494 1229 et
1523 1161 1990 1228 transmittant
2038 1160 2362 1246 Magistro
2392 1161 2665 1226 Thomae

560 1263 807 1343 Walsh,
893 1265 1330 1332 commoranti
1423 1263 1787 1342 Dubliniae,
1864 1263 1923 1330 si
1998 1267 2330 1349 superstes
2431 1262 2661 1343 fuerit,

556 1365 856 1452 alioquin
885 1367 1126 1453 Majori
1157 1366 1514 1445 Dubliniae,
1547 1366 1915 1452 cuicunque
1944 1385 2065 1451 pro
2095 1369 2395 1449 tempore
2426 1365 2664 1430 mortis

555 1488 720 1534 meae
783 1468 1118 1548 existenti,
1183 1469 1264 1533 de
1325 1467 1520 1535 bonis
1589 1467 1755 1533 meis
1819 1465 2265 1532 existentibus
2312 1464 2663 1544 Londonii,

557 1569 645 1633 ad
721 1568 1185 1642 celebrandum
1262 1571 1443 1658 apud
1518 1570 1589 1636 N
1587 1591 1702 1635 aas
1777 1568 2165 1655 praedietam
2242 1587 2364 1654 pro
2434 1568 2665 1633 anima

556 1692 706 1737 mea
748 1677 818 1737 et
860 1671 1206 1738 animabus
1251 1671 1632 1759 parentium
1678 1677 1751 1737 et
1794 1670 2296 1738 benefactorum
2340 1691 2661 1748 meorum,

558 1773 806 1859 viginti
851 1795 1147 1840 marcas:

645 1874 839 1955 Item,
885 1876 970 1941 do
1015 1881 1085 1942 et
1128 1874 1276 1965 lego
1321 1876 1578 1942 duabus
1638 1875 1946 1941 domibus
2004 1873 2289 1944 fratrum
2348 1875 2421 1940 in
2483 1874 2666 1942 diota

559 1975 720 2041 villa
763 1976 846 2042 de
889 1977 960 2042 N
961 2000 1074 2044 aas
1118 1978 1566 2056 existentium,
1611 1978 1698 2043 ad
1742 1976 2088 2064 aequaliter
2138 1977 2667 2042 distribuendum

557 2077 734 2143 inter
763 2100 890 2159 eas,
937 2101 1054 2146 sex
1084 2080 1326 2147 solidos
1356 2084 1503 2146 octo
1537 2077 1858 2156 denarios,
1886 2084 1956 2144 et
1987 2083 2271 2164 quatuor
2300 2076 2503 2144 libros
2532 2099 2665 2143 ser-

561 2201 851 2261 monum,
898 2183 1294 2268 soriptorum
1339 2181 1412 2246 in
1457 2181 1688 2269 papiro
1736 2186 1807 2245 et
1834 2200 2270 2266 pergamenO,
2301 2181 2663 2246 existentes

565 2281 824 2349 Welliae
890 2283 1065 2348 infm.
1126 2283 1605 2361 describendOS,
1654 2281 1981 2362 videlieet,
2030 2281 2386 2368 unicuique
2433 2281 2663 2348 domui

563 2384 728 2450 duos
756 2371 978 2461 libros,
1009 2384 1094 2449 ad
1141 2391 1460 2472 perpetuo
1504 2384 1979 2450 remanendum
2008 2383 2083 2448 in
2130 2382 2327 2449 dietis
2357 2383 2663 2450 domibus

562 2485 862 2564 fratrum,
907 2491 987 2552 ut
1031 2493 1222 2553 orent
1266 2507 1387 2574 pro
1432 2509 1582 2552 me:

649 2587 699 2652 I
695 2593 840 2666 tem,
886 2589 971 2654 do
1018 2595 1088 2656 et
1131 2589 1280 2676 lego
1332 2589 1526 2655 fratri
1570 2588 1798 2654 David
1843 2588 2147 2656 Carrewe
2166 2587 2193 2624 ⁹
2239 2587 2489 2653 ordinis
2533 2588 2663 2654 fra-

560 2693 742 2754 trum
789 2690 1142 2770 Minorum,
1189 2692 1512 2778 Magistro
1544 2691 1616 2755 in
1661 2690 2014 2778 theologia,
2060 2713 2178 2756 sex
2224 2690 2467 2756 solidos
2514 2695 2662 2758 octo

561 2791 901 2859 denarios:

646 2894 696 2959 I
691 2900 839 2973 tem„
884 2895 969 2960 do
1013 2899 1084 2961 et
1150 2896 1298 2982 lego
1365 2895 1656 2961 librariae
1725 2894 2062 2974 Wellensi,
2109 2896 2196 2961 ad
2258 2895 2663 2961 manendum

561 2994 635 3059 in
693 2995 917 3061 eadem
990 2995 1280 3077 libraria,
1337 3004 1373 3032 “
1397 2998 1671 3062 Petrum
1736 2996 1819 3061 de
1885 2996 2286 3063 Crescentiis
2304 2995 2337 3021 '’
2386 3002 2457 3063 et
2502 2995 2664 3062 alios

562 3097 726 3161 duos
785 3097 1004 3177 libroS,
1060 3097 1371 3164 videlicet
1434 3104 1469 3133 “
1493 3097 1540 3164 J
1543 3119 1937 3184 eronymum
1961 3097 1989 3136 ⁸
2041 3098 2114 3162 in
2160 3098 2550 3184 Epistolas,’'
2596 3102 2666 3164 et

567 3205 605 3231 “
627 3198 979 3285 Lathbury
1023 3222 1220 3287 super
1265 3200 1478 3265 Thren
1487 3199 1600 3278 is‚”
1644 3198 1730 3264 ad
1778 3200 2096 3265 standum
2155 3199 2228 3263 in
2276 3200 2548 3267 eeclesia
2592 3200 2666 3264 in

561 3300 773 3385 capsis
816 3298 1075 3387 ligneis,
1123 3306 1323 3387 prout
1369 3300 1717 3366 ordinavi:

647 3400 839 3482 Item,
870 3401 954 3467 do
1000 3408 1070 3468 et
1119 3402 1265 3489 lego
1308 3402 1581 3469 cuilibet
1622 3408 2051 3467 executorum
2094 3424 2409 3482 meorum,
2440 3403 2556 3489 qui
2593 3402 2666 3466 in

559 3524 628 3567 se
681 3524 847 3569 onus
900 3504 1496 3570 administrationis
1560 3504 1968 3570 executionis
2012 3503 2212 3589 hujus
2269 3505 2661 3571 testamenti

561 3606 936 3692 susceperit,
969 3611 1039 3672 et
1081 3628 1218 3671 non
1263 3606 1477 3685 aliter,
1511 3605 1956 3693 quadraginta
1987 3605 2233 3674 solidos
2280 3611 2350 3671 et
2380 3612 2669 3692 quatuor

559 3706 857 3794 virgatas
928 3708 1134 3795 panni
1208 3708 1387 3795 nigri
1463 3730 1582 3795 pro
1657 3714 1817 3794 toga
1880 3712 1950 3773 et
2015 3708 2300 3794 caputio,
2373 3708 2664 3793 pretium

559 3808 910 3894 cujuslibet
961 3810 1241 3897 virgatae
1287 3810 1420 3875 duo
1467 3809 1667 3875 solidi
1711 3832 1827 3875 sex
1880 3809 2152 3887 denarii,
2200 3830 2277 3874 ao
2321 3830 2547 3875 omnes
2594 3814 2665 3875 et

559 3910 968 3977 omnimodas
1030 3933 1348 3998 expensas
1422 3934 1588 3997 quas
1650 3912 1947 3991 fecerint,
2025 3910 2132 3975 vel
2201 3910 2371 3981 alter
2433 3932 2660 3976 eorum

555 4012 800 4091 feeerit,
846 4018 999 4100 post
1065 4018 1346 4080 mortem
1405 4035 1638 4092 meam,
1681 4016 1755 4078 in
1823 4012 2109 4101 negotiis
2172 4012 2659 4099 prosequendis,

557 4114 1004 4195 defendendis,
1065 4120 1136 4181 et
1200 4116 1643 4201 exequendis3
1718 4122 1790 4180 et
1850 4116 1935 4180 ad
2002 4114 2175 4179 hane
2238 4114 2660 4181 voluntatem

1553 4303 1646 4309 -—-
1662 4301 1962 4309 ᾖς’--..4--

627 4413 641 4445 ¹
666 4411 925 4463 Jordanio.
942 4412 1058 4463 MS.
1105 4411 1232 4463 This
1247 4425 1394 4461 name
1411 4410 1466 4460 in
1483 4410 1570 4463 the
1717 4406 1741 4441 ⁸
1764 4408 1839 4459 Or
1866 4408 2101 4469 Cat-reve,
2124 4406 2263 4459 MS.'

559 4493 673 4543 MS.
689 4492 781 4543 has
793 4492 880 4541 the
895 4508 924 4541 ο
937 4492 1144 4543 marked
1155 4490 1374 4541 beneath
1388 4504 1444 4539 as
1457 4505 1575 4553 spu·
1721 4486 1745 4519 ³
1768 4485 2099 4547 Jeronom'um,
2122 4486 2237 4539 MS.

557 4571 714 4635 rious,
735 4572 836 4623 and
857 4588 892 4621 a
914 4570 1114 4621 written
1136 4584 1258 4619 over
1282 4567 1486 4619 instead.
