3466 5635
682 874 873 925 nram
914 872 1373 926 omentum
1418 876 1503 925 m·
1548 874 2128 927 Pnocmronun.
2332 864 2462 927 449

1112 1092 1179 1162 S.
1224 1090 1692 1183 Fridewyde}

436 1238 989 1322 Memorcmduan,
1036 1240 1216 1326 quod
1262 1239 1347 1305 de
1396 1260 1715 1306 consensu
1768 1239 2035 1328 majoris
2077 1242 2286 1328 partis
2329 1240 2456 1308 Re-
2483 1249 2910 1345 fflggrffitbgm

336 1342 651 1427 gentium
732 1349 826 1410 est
902 1340 1325 1421 ordw'matwn,
1390 1344 1565 1428 quod
1632 1365 1782 1409 cum
1857 1343 2154 1429 reliquiae
2230 1344 2456 1411 Beatae
2481 1351 2656 1445 3333
2668 1364 2850 1447 31⁸3oess-

336 1442 798 1531 Frideswydae
844 1444 917 1509 iu
960 1444 1319 1532 municipio
1366 1444 1647 1511 Oxoniae
1692 1445 2118 1532 requiescant,
2146 1468 2224 1511 ac
2253 1447 2456 1533 speci-
2480 1452 2723 1546 ghurolglof
2733 1454 2894 1547 Effl-

336 1546 529 1625 alim,
559 1550 704 1613 tam
732 1546 817 1613 ab
850 1546 1315 1614 Universitate
1345 1570 1546 1635 quam
1576 1546 1663 1615 ab
1693 1546 1860 1627 aliis,
1893 1548 2130 1615 merito
2168 1547 2453 1615 debeant
2478 1515 2881 1656 ffli'fiffiso'ssf.

335 1650 703 1733 honorari?
760 1652 1129 1739 praesertim
1188 1648 1275 1715 ab
1333 1650 1417 1715 iis
1477 1650 1787 1717 omnibus
1846 1652 1961 1737 qui
2021 1652 2093 1717 in
2137 1652 2452 1739 praedicto

334 1752 709 1840 municipio
752 1758 1116 1833 morantur,
1148 1756 1229 1818 ut
1260 1750 1552 1839 ejusdem
1574 1753 2168 1819 intervenientibus
2197 1756 2452 1821 meritis

334 1860 411 1921 et
442 1854 747 1943 precibus
788 1855 1342 1943 tranquillitatem
1373 1861 1442 1921 et
1468 1876 1697 1943 pacem
1735 1856 2104 1922 uberiorem
2132 1858 2452 1943 praedicta

336 1958 769 2025 ‘Universitas
837 1958 1137 2025 obtineat
1194 1959 1269 2023 in
1333 1958 1652 2037 futurum,
1705 1958 1886 2046 quod
1946 1958 2068 2024 fiat
2127 1960 2450 2045 processio

334 2058 655 2127 solemnis
722 2062 940 2127 medio
1014 2060 1317 2139 termino,
1400 2062 1648 2127 scilicet
1731 2062 2300 2149 quadragesimali,
2363 2064 2450 2129 ad

330 2162 680 2230 ecclesiam
741 2162 1034 2251 ejusdem
1092 2162 1389 2251 virginis,
1444 2185 1565 2251 pro
1614 2184 1772 2251 pace
1839 2171 1908 2230 et
1964 2165 2450 2251 tranquillitate

332 2266 839 2349 Universitatis,
885 2272 955 2333 et
1000 2268 1178 2353 quod
1221 2266 1423 2333 missa
1473 2266 1721 2333 ibidem
1771 2266 2078 2333 solemnis
2122 2266 2450 2335 habeatur

332 2370 425 2435 de
466 2369 731 2458 virgine
776 2368 1165 2458 supradicta.

332 2602 443 2670 Do
475 2602 757 2671 licentia
777 2611 839 2671 et
862 2604 1139 2692 repulsa
1160 2605 1562 2692 praesentati
1592 2604 2054 2695 cujuscumque
2068 2604 2447 2695 facultatis.
2607 2616 2676 2734 ἓ.
2695 2624 2783 2737 ἒξ.

431 2758 533 2824 De
578 2758 980 2827 Bachelariis
1021 2758 1441 2828 licentiandis
1470 2764 1540 2826 et
1568 2760 1929 2848 incepturis
1959 2762 2031 2828 in
2060 2782 2448 2850 quacunque
2475 2830 2550 2875 No
2567 2752 2788 2876 013⁰ss
2803 2833 2862 2878 be

336 2861 676 2944 facultate,
742 2863 1122 2930 innovando
1201 2864 1384 2950 prius
1444 2869 1776 2929 statutum
1829 2869 1899 2930 et
1951 2865 2300 2931 obtentum
2350 2867 2449 2930 ita
2474 2881 2850 2980 maggen&

328 2985 456 3051 per
498 2963 1028 3031 Universitatem
1090 2969 1182 3031 est
1235 2965 1600 3051 provisum
1666 2973 1725 3032 et
1792 2965 2216 3048 ordinatum,
2271 2969 2448 3055 quod
2472 2994 2520 3026 m
2626 2985 2678 3027 or
2697 2984 2783 3028 tho

330 3065 802 3149 (lancellam-ine,
850 3065 967 3155 qui
1025 3090 1146 3156 pro
1190 3073 1483 3156 tempore
1533 3067 1751 3146 fuerit,
1799 3069 2062 3135 nullum
2106 3069 2404 3136 licentiet
2421 3070 2448 3108 ³
2471 3033 2660 3139 ffiuy.
2685 3035 2824 3080 σω,

326 3169 411 3234 in
466 3170 691 3258 aliqua
748 3171 1077 3246 facultate,
1136 3169 1265 3236 nisi
1324 3169 1573 3238 auditis
1637 3171 2157 3258 depositionibus
2202 3174 2446 3261 Magis-

324 3277 587 3338 trorum
618 3273 823 3360 ipsius
850 3273 1187 3340 facultatis
1215 3272 1290 3338 in
1330 3273 1685 3362 praesentia
1720 3273 2224 3341 Procuratorum
2270 3277 2444 3343 Uni·

324 3376 693 3458 versitatis,
723 3381 863 3442 tam
893 3377 967 3441 in
997 3377 1273 3443 scientia
1302 3399 1501 3463 quam
1544 3377 1618 3442 in
1647 3377 1809 3457 vita,
1841 3383 1910 3444 et
1951 3401 2168 3446 coram
2210 3379 2442 3446 iisdem

320 3479 642 3566 procedat
686 3479 773 3546 ad
802 3479 1139 3547 licentiam
1167 3480 1277 3546 vel
1311 3480 1661 3569 repulsam,
1692 3488 1763 3547 et
1801 3481 2262 3548 Procuratores
2305 3504 2443 3548 una

320 3601 480 3646 cum
544 3579 951 3649 Cancellario
1012 3581 1479 3670 Magistrorum
1565 3583 2038 3670 deponentium
2055 3581 2080 3622 ⁴
2149 3585 2441 3651 scribant

316 3682 780 3772 depositiones.

643 3899 745 3966 De
790 3907 1077 3990 tempore
1118 3922 1251 3988 quo
1272 3900 1299 3937 ⁵
1344 3900 1577 3968 debent
1622 3900 1914 3969 licentia}
1940 3901 2124 3989 ficri.
2594 3913 2654 3965 Β.
2677 3919 2760 3966 48.

406 4049 771 4118 Statutwm
812 4057 926 4132 est,
994 4052 1172 4138 quod
1228 4051 1451 4116 nullus
1501 4051 1880 4118 licentietur
1940 4053 2014 4118 in
2078 4051 2435 4135 vacatione,
2459 4058 2536 4104 No
2551 3977 2860 4108 Ηοῗῖιὲοῗὴιΰ

317 4173 451 4218 nec
492 4153 734 4241 aliquis
778 4153 1159 4221 licentietur
1220 4155 1294 4218 in
1338 4153 1561 4241 aliqua
1612 4155 1953 4236 facultate,
2001 4151 2133 4222 nisi
2191 4159 2433 4244 promi-
2457 4113 2728 4250 mm
2743 4115 2796 4158 in
2811 4127 2886 4161 ”¹-

318 4255 487 4321 serit
532 4279 601 4324 se
644 4255 935 4325 fideliter
976 4279 1339 4346 proponere
1361 4257 1389 4295 ⁰
1436 4255 1543 4324 hic
1586 4258 1876 4347 incipere
1924 4257 2102 4326 infra
2144 4283 2433 4344 annum;

397 4503 413 4532 ¹
438 4501 521 4553 No
540 4503 653 4556 title
673 4505 731 4554 in
752 4503 909 4557 MSS.
1494 4507 1512 4536 ⁴
1535 4509 1807 4572 reyentium,
1827 4507 1890 4556 B.

396 4583 421 4611 ²
439 4581 577 4634 Here
612 4599 643 4636 a
676 4585 835 4636 blank
869 4597 1018 4651 space
1062 4595 1242 4636 ocem
1276 4584 1332 4634 in
1493 4587 1623 4651 ‘qno
1644 4604 1755 4648 non,
1777 4587 1836 4640 C.

316 4664 523 4717 Amul
548 4667 605 4716 C.
1490 4665 2428 4736 ‘maisffiemdingof13.;inA.

396 4747 421 4776 ⁸
440 4743 671 4808 Ῑίσαιτίαί,
712 4741 799 4807 A„
843 4745 937 4796 bnt
976 4745 1237 4797 corrected
1281 4750 1335 4795 to
1416 4745 1705 4810 propone-bit
1724 4746 1818 4798 has
1839 4749 1966 4800 been
1987 4749 2188 4800 written
2209 4747 2430 4809 instead3

317 4826 419 4878 the
438 4823 649 4890 reading
670 4824 733 4874 of
744 4825 831 4876 the
852 4829 977 4877 text.
1428 4825 1484 4875 C.
1508 4826 1632 4876 adds
1654 4825 1742 4876 the
1763 4830 1902 4879 word
1923 4828 2016 4880 hic.

1939 4913 2158 4974 niz-¹2
