<?xml version="1.0" encoding="UTF-8"?>
<!DOCTYPE html PUBLIC "-//W3C//DTD XHTML 1.0 Transitional//EN"
    "http://www.w3.org/TR/xhtml1/DTD/xhtml1-transitional.dtd">
<html xmlns="http://www.w3.org/1999/xhtml" xml:lang="en" lang="en">
 <head>
  <title>
</title>
<meta http-equiv="Content-Type" content="text/html;charset=utf-8" />
  <meta name='ocr-system' content='tesseract 3.04.00' />
  <meta name='ocr-capabilities' content='ocr_page ocr_carea ocr_par ocr_line ocrx_word'/>
</head>
<body>
  <div class='ocr_page' id='page_1' title='image "./munimentaacadem00anstgoog_0154.png"; bbox 0 0 3466 5635; ppageno 0'>
   <div class='ocr_carea' id='block_1_1' title="bbox 969 803 2498 866">
    <p class='ocr_par' dir='ltr' id='par_1_1' title="bbox 969 803 2498 866">
     <span class='ocr_line' id='line_1_1' title="bbox 969 803 2498 866; baseline -0.001 -2"><span class='ocrx_word' id='word_1_1' title='bbox 969 816 1146 866; x_wconf 77' lang='lat' dir='ltr'>ACTA</span> <span class='ocrx_word' id='word_1_2' title='bbox 1193 817 1420 866; x_wconf 69' lang='lat' dir='ltr'><strong>cunm:</strong></span> <span class='ocrx_word' id='word_1_3' title='bbox 1467 815 1935 865; x_wconf 74' lang='lat' dir='ltr'>CANCELLARII.</span> <span class='ocrx_word' id='word_1_4' title='bbox 2374 803 2498 863; x_wconf 82' lang='lat'><strong>509</strong></span> 
     </span>
    </p>
   </div>
   <div class='ocr_carea' id='block_1_2' title="bbox 441 1087 2457 1278">
    <p class='ocr_par' dir='ltr' id='par_1_2' title="bbox 441 1087 2457 1278">
     <span class='ocr_line' id='line_1_2' title="bbox 441 1087 2457 1174; baseline 0 -22"><span class='ocrx_word' id='word_1_5' title='bbox 441 1087 724 1155; x_wconf 78' lang='lat' dir='ltr'><strong>Thomas</strong></span> <span class='ocrx_word' id='word_1_6' title='bbox 766 1088 1077 1168; x_wconf 77' lang='lat' dir='ltr'><strong>Bewwell,</strong></span> <span class='ocrx_word' id='word_1_7' title='bbox 1121 1089 1203 1155; x_wconf 83' lang='lat' dir='ltr'><em>M</em></span> <span class='ocrx_word' id='word_1_8' title='bbox 1202 1096 1381 1156; x_wconf 67' lang='lat' dir='ltr'><strong>aster</strong></span> <span class='ocrx_word' id='word_1_9' title='bbox 1427 1088 1507 1174; x_wconf 86' lang='lat' dir='ltr'><strong>of</strong></span> <span class='ocrx_word' id='word_1_10' title='bbox 1551 1089 1753 1172; x_wconf 70' lang='lat' dir='ltr'><strong>Great</strong></span> <span class='ocrx_word' id='word_1_11' title='bbox 1818 1089 1881 1155; x_wconf 83' lang='lat' dir='ltr'><em>U</em></span> <span class='ocrx_word' id='word_1_12' title='bbox 1876 1087 2217 1174; x_wconf 72' lang='lat' dir='ltr'><strong>niversity</strong></span> <span class='ocrx_word' id='word_1_13' title='bbox 2268 1088 2345 1154; x_wconf 88' lang='lat' dir='ltr'><em>H</em></span> <span class='ocrx_word' id='word_1_14' title='bbox 2340 1087 2457 1163; x_wconf 78' lang='lat' dir='ltr'><strong>all,</strong></span> 
     </span>
     <span class='ocr_line' id='line_1_3' title="bbox 658 1190 2247 1278; baseline 0.001 -22"><span class='ocrx_word' id='word_1_15' title='bbox 658 1191 867 1258; x_wconf 72' lang='lat' dir='ltr'><strong>clears</strong></span> <span class='ocrx_word' id='word_1_16' title='bbox 910 1190 1194 1278; x_wconf 67' lang='lat' dir='ltr'><strong>himself</strong></span> <span class='ocrx_word' id='word_1_17' title='bbox 1226 1192 1305 1278; x_wconf 86' lang='lat' dir='ltr'><strong>os</strong></span> <span class='ocrx_word' id='word_1_18' title='bbox 1338 1215 1384 1258; x_wconf 82' lang='lat' dir='ltr'><strong><em>a</em></strong></span> <span class='ocrx_word' id='word_1_19' title='bbox 1426 1191 1793 1259; x_wconf 69' lang='lat' dir='ltr'><strong>malicimw</strong></span> <span class='ocrx_word' id='word_1_20' title='bbox 1836 1191 2247 1258; x_wconf 65' lang='lat' dir='ltr'><strong>accasatimz.</strong></span> 
     </span>
    </p>
   </div>
   <div class='ocr_carea' id='block_1_3' title="bbox 407 1307 2935 1542">
    <p class='ocr_par' dir='ltr' id='par_1_3' title="bbox 407 1307 2935 1542">
     <span class='ocr_line' id='line_1_4' title="bbox 495 1307 2857 1412; baseline -0.004 -21"><span class='ocrx_word' id='word_1_21' title='bbox 495 1326 1044 1406; x_wconf 68' lang='lat' dir='ltr'><strong>Mewwrandum,</strong></span> <span class='ocrx_word' id='word_1_22' title='bbox 1089 1326 1266 1412; x_wconf 89' lang='lat' dir='ltr'><strong>quod</strong></span> <span class='ocrx_word' id='word_1_23' title='bbox 1311 1349 1457 1392; x_wconf 89' lang='lat' dir='ltr'><strong>cum</strong></span> <span class='ocrx_word' id='word_1_24' title='bbox 1503 1326 1666 1392; x_wconf 82' lang='lat' dir='ltr'><strong>alias</strong></span> <span class='ocrx_word' id='word_1_25' title='bbox 1710 1327 1991 1392; x_wconf 82' lang='lat' dir='ltr'><strong>inolevit</strong></span> <span class='ocrx_word' id='word_1_26' title='bbox 2041 1348 2267 1391; x_wconf 89' lang='lat' dir='ltr'><strong>rumor</strong></span> <span class='ocrx_word' id='word_1_27' title='bbox 2326 1325 2504 1411; x_wconf 88' lang='lat' dir='ltr'><strong>quod</strong></span> <span class='ocrx_word' id='word_1_28' title='bbox 2616 1307 2687 1359; x_wconf 86' lang='lat' dir='ltr'><strong>A.</strong></span> <span class='ocrx_word' id='word_1_29' title='bbox 2710 1323 2784 1358; x_wconf 73' lang='lat'><strong>⁸²·</strong></span> <span class='ocrx_word' id='word_1_30' title='bbox 2808 1313 2857 1358; x_wconf 78' lang='lat'><strong>⁶·</strong></span> 
     </span>
     <span class='ocr_line' id='line_1_5' title="bbox 407 1399 2935 1542; baseline -0.006 -50"><span class='ocrx_word' id='word_1_31' title='bbox 407 1427 722 1494; x_wconf 86' lang='lat' dir='ltr'><strong>honestus</strong></span> <span class='ocrx_word' id='word_1_32' title='bbox 773 1429 880 1493; x_wconf 85' lang='lat' dir='ltr'><strong>vir</strong></span> <span class='ocrx_word' id='word_1_33' title='bbox 924 1429 1207 1494; x_wconf 79' lang='lat' dir='ltr'>Thomas</span> <span class='ocrx_word' id='word_1_34' title='bbox 1254 1428 1564 1506; x_wconf 81' lang='lat' dir='ltr'><strong>Benwell,</strong></span> <span class='ocrx_word' id='word_1_35' title='bbox 1619 1429 1940 1516; x_wconf 85' lang='lat' dir='ltr'><strong>Magister</strong></span> <span class='ocrx_word' id='word_1_36' title='bbox 1986 1430 2248 1516; x_wconf 79' lang='lat' dir='ltr'><strong>Magnae</strong></span> <span class='ocrx_word' id='word_1_37' title='bbox 2308 1428 2503 1516; x_wconf 52' lang='lat' dir='ltr'>4111ae</span> <span class='ocrx_word' id='word_1_38' title='bbox 2527 1399 2935 1542; x_wconf 44' lang='lat' dir='ltr'><strong>{asssg’hffl’n}</strong></span> 
     </span>
    </p>
   </div>
   <div class='ocr_carea' id='block_1_4' title="bbox 413 1529 2917 1635">
    <p class='ocr_par' dir='ltr' id='par_1_4' title="bbox 413 1529 2917 1635">
     <span class='ocr_line' id='line_1_6' title="bbox 413 1529 2917 1635; baseline 0 -41"><span class='ocrx_word' id='word_1_39' title='bbox 413 1529 886 1597; x_wconf 83' lang='lat' dir='ltr'><strong>Universitatis</strong></span> <span class='ocrx_word' id='word_1_40' title='bbox 934 1531 1230 1609; x_wconf 81' lang='lat' dir='ltr'><strong>Oxoniae,</strong></span> <span class='ocrx_word' id='word_1_41' title='bbox 1297 1531 1727 1597; x_wconf 75' lang='lat' dir='ltr'><strong>commisisset</strong></span> <span class='ocrx_word' id='word_1_42' title='bbox 1780 1532 2025 1598; x_wconf 83' lang='lat' dir='ltr'>crimen</span> <span class='ocrx_word' id='word_1_43' title='bbox 2087 1531 2690 1634; x_wconf 57' lang='lat' dir='ltr'><strong>incontinen--gffiag</strong></span> <span class='ocrx_word' id='word_1_44' title='bbox 2701 1539 2917 1635; x_wconf 50' lang='lat' dir='ltr'><strong>“fi&#39;ggssfflu</strong></span> 
     </span>
    </p>
   </div>
   <div class='ocr_carea' id='block_1_5' title="bbox 403 1631 2955 3562">
    <p class='ocr_par' dir='ltr' id='par_1_5' title="bbox 403 1631 2955 3459">
     <span class='ocr_line' id='line_1_7' title="bbox 413 1631 2914 1736; baseline -0.001 -39"><span class='ocrx_word' id='word_1_45' title='bbox 413 1631 523 1698; x_wconf 73' lang='lat' dir='ltr'><strong>tiae</strong></span> <span class='ocrx_word' id='word_1_46' title='bbox 580 1655 728 1698; x_wconf 88' lang='lat' dir='ltr'><strong>cum</strong></span> <span class='ocrx_word' id='word_1_47' title='bbox 788 1635 1072 1721; x_wconf 80' lang='lat' dir='ltr'><strong>quadam</strong></span> <span class='ocrx_word' id='word_1_48' title='bbox 1117 1637 1378 1721; x_wconf 83' lang='lat' dir='ltr'><strong>Agnete</strong></span> <span class='ocrx_word' id='word_1_49' title='bbox 1427 1634 1725 1724; x_wconf 82' lang='lat' dir='ltr'><strong>Bablake</strong></span> <span class='ocrx_word' id='word_1_50' title='bbox 1787 1640 1855 1700; x_wconf 89' lang='lat' dir='ltr'><strong>et</strong></span> <span class='ocrx_word' id='word_1_51' title='bbox 1912 1635 2059 1699; x_wconf 82' lang='lat' dir='ltr'><strong>aliis</strong></span> <span class='ocrx_word' id='word_1_52' title='bbox 2118 1632 2503 1698; x_wconf 88' lang='lat' dir='ltr'><strong>mulieribus</strong></span> <span class='ocrx_word' id='word_1_53' title='bbox 2527 1641 2617 1684; x_wconf 72' lang='lat' dir='ltr'><strong>had</strong></span> <span class='ocrx_word' id='word_1_54' title='bbox 2638 1641 2914 1736; x_wconf 59' lang='lat' dir='ltr'><strong>gggnsussty</strong></span> 
     </span>
     <span class='ocr_line' id='line_1_8' title="bbox 409 1703 2926 1824; baseline -0.001 -24"><span class='ocrx_word' id='word_1_55' title='bbox 409 1734 699 1824; x_wconf 81' lang='lat' dir='ltr'><strong>diversis,</strong></span> <span class='ocrx_word' id='word_1_56' title='bbox 739 1758 931 1822; x_wconf 87' lang='lat' dir='ltr'><strong>quem</strong></span> <span class='ocrx_word' id='word_1_57' title='bbox 977 1737 1244 1823; x_wconf 87' lang='lat' dir='ltr'><strong>quidem</strong></span> <span class='ocrx_word' id='word_1_58' title='bbox 1289 1757 1619 1802; x_wconf 91' lang='lat' dir='ltr'><strong>rumorem</strong></span> <span class='ocrx_word' id='word_1_59' title='bbox 1659 1737 1805 1822; x_wconf 88' lang='lat' dir='ltr'><strong>ipsa</strong></span> <span class='ocrx_word' id='word_1_60' title='bbox 1832 1737 2058 1822; x_wconf 81' lang='lat' dir='ltr'><strong>Agnes</strong></span> <span class='ocrx_word' id='word_1_61' title='bbox 2101 1737 2317 1822; x_wconf 89' lang='lat' dir='ltr'><strong>primo</strong></span> <span class='ocrx_word' id='word_1_62' title='bbox 2342 1757 2502 1799; x_wconf 87' lang='lat' dir='ltr'><strong>-sus-</strong></span> <span class='ocrx_word' id='word_1_63' title='bbox 2528 1703 2640 1748; x_wconf 59' lang='lat'><strong>⁰¹¹⁰</strong></span> <span class='ocrx_word' id='word_1_64' title='bbox 2730 1704 2926 1753; x_wconf 73' lang='lat' dir='ltr'><strong>tmenoo,</strong></span> 
     </span>
     <span class='ocr_line' id='line_1_9' title="bbox 409 1837 2503 1925; baseline 0 -23"><span class='ocrx_word' id='word_1_65' title='bbox 409 1837 660 1917; x_wconf 83' lang='lat' dir='ltr'><strong>citavit,</strong></span> <span class='ocrx_word' id='word_1_66' title='bbox 729 1845 927 1925; x_wconf 91' lang='lat' dir='ltr'><strong>prout</strong></span> <span class='ocrx_word' id='word_1_67' title='bbox 995 1839 1351 1916; x_wconf 84' lang='lat' dir='ltr'><strong>dicebatur,</strong></span> <span class='ocrx_word' id='word_1_68' title='bbox 1423 1844 1492 1905; x_wconf 89' lang='lat' dir='ltr'><strong>et</strong></span> <span class='ocrx_word' id='word_1_69' title='bbox 1559 1860 1737 1904; x_wconf 91' lang='lat' dir='ltr'><strong>nunc</strong></span> <span class='ocrx_word' id='word_1_70' title='bbox 1800 1840 2015 1906; x_wconf 87' lang='lat' dir='ltr'><strong>dictus</strong></span> <span class='ocrx_word' id='word_1_71' title='bbox 2082 1839 2367 1903; x_wconf 82' lang='lat' dir='ltr'><strong>Thomas</strong></span> <span class='ocrx_word' id='word_1_72' title='bbox 2434 1846 2503 1903; x_wconf 86' lang='lat' dir='ltr'><strong>et</strong></span> 
     </span>
     <span class='ocr_line' id='line_1_10' title="bbox 408 1940 2503 2028; baseline -0 -22"><span class='ocrx_word' id='word_1_73' title='bbox 408 1940 648 2027; x_wconf 80' lang='lat' dir='ltr'><strong>AgneS,</strong></span> <span class='ocrx_word' id='word_1_74' title='bbox 693 1962 843 2006; x_wconf 90' lang='lat' dir='ltr'><strong>cum</strong></span> <span class='ocrx_word' id='word_1_75' title='bbox 887 1943 1046 2028; x_wconf 87' lang='lat' dir='ltr'><strong>ipsis</strong></span> <span class='ocrx_word' id='word_1_76' title='bbox 1105 1942 1251 2006; x_wconf 84' lang='lat' dir='ltr'><strong>aliis</strong></span> <span class='ocrx_word' id='word_1_77' title='bbox 1313 1941 1697 2007; x_wconf 89' lang='lat' dir='ltr'><strong>mulieribus</strong></span> <span class='ocrx_word' id='word_1_78' title='bbox 1758 1941 2053 2020; x_wconf 86' lang='lat' dir='ltr'><strong>diversis,</strong></span> <span class='ocrx_word' id='word_1_79' title='bbox 2114 1940 2305 2006; x_wconf 86' lang='lat' dir='ltr'><strong>nobis</strong></span> <span class='ocrx_word' id='word_1_80' title='bbox 2360 1941 2503 2006; x_wconf 85' lang='lat' dir='ltr'><strong>Ma-</strong></span> 
     </span>
     <span class='ocr_line' id='line_1_11' title="bbox 403 2043 2503 2131; baseline 0 -24"><span class='ocrx_word' id='word_1_81' title='bbox 403 2043 610 2128; x_wconf 88' lang='lat' dir='ltr'><strong>gistro</strong></span> <span class='ocrx_word' id='word_1_82' title='bbox 686 2043 733 2108; x_wconf 85' lang='lat' dir='ltr'><strong>J</strong></span> <span class='ocrx_word' id='word_1_83' title='bbox 735 2043 994 2109; x_wconf 83' lang='lat' dir='ltr'><strong>ohanne</strong></span> <span class='ocrx_word' id='word_1_84' title='bbox 1069 2043 1430 2123; x_wconf 77' lang='lat' dir='ltr'><strong>Burbache,</strong></span> <span class='ocrx_word' id='word_1_85' title='bbox 1505 2065 1704 2109; x_wconf 81' lang='lat' dir='ltr'><strong>sacrae</strong></span> <span class='ocrx_word' id='word_1_86' title='bbox 1786 2045 2049 2131; x_wconf 72' lang='lat' dir='ltr'><strong>paginae</strong></span> <span class='ocrx_word' id='word_1_87' title='bbox 2122 2043 2503 2119; x_wconf 89' lang='lat' dir='ltr'><strong>Professore‚</strong></span> 
     </span>
     <span class='ocr_line' id='line_1_12' title="bbox 405 2135 2503 2233; baseline 0.001 -25"><span class='ocrx_word' id='word_1_88' title='bbox 405 2145 802 2211; x_wconf 83' lang='lat' dir='ltr'><strong>venerabilis</strong></span> <span class='ocrx_word' id='word_1_89' title='bbox 845 2146 920 2210; x_wconf 89' lang='lat' dir='ltr'><strong>in</strong></span> <span class='ocrx_word' id='word_1_90' title='bbox 965 2145 1232 2222; x_wconf 84' lang='lat' dir='ltr'><strong>Christo</strong></span> <span class='ocrx_word' id='word_1_91' title='bbox 1277 2147 1486 2233; x_wconf 87' lang='lat' dir='ltr'><strong>patris</strong></span> <span class='ocrx_word' id='word_1_92' title='bbox 1532 2151 1601 2211; x_wconf 88' lang='lat' dir='ltr'><strong>et</strong></span> <span class='ocrx_word' id='word_1_93' title='bbox 1648 2147 1901 2211; x_wconf 89' lang='lat' dir='ltr'><strong>domini</strong></span> <span class='ocrx_word' id='word_1_94' title='bbox 1936 2135 2187 2211; x_wconf 81' lang='lat' dir='ltr'><strong>domini</strong></span> <span class='ocrx_word' id='word_1_95' title='bbox 2233 2146 2503 2210; x_wconf 85' lang='lat' dir='ltr'><strong>Thomae</strong></span> 
     </span>
     <span class='ocr_line' id='line_1_13' title="bbox 407 2245 2502 2336; baseline 0 -26"><span class='ocrx_word' id='word_1_96' title='bbox 407 2245 532 2312; x_wconf 92' lang='lat' dir='ltr'><strong>Dei</strong></span> <span class='ocrx_word' id='word_1_97' title='bbox 638 2247 856 2333; x_wconf 80' lang='lat' dir='ltr'><strong>gratia</strong></span> <span class='ocrx_word' id='word_1_98' title='bbox 952 2248 1426 2335; x_wconf 82' lang='lat' dir='ltr'><strong>Wygornensis</strong></span> <span class='ocrx_word' id='word_1_99' title='bbox 1534 2248 1835 2336; x_wconf 83' lang='lat' dir='ltr'><strong>episcopi,</strong></span> <span class='ocrx_word' id='word_1_100' title='bbox 1939 2254 2008 2313; x_wconf 91' lang='lat' dir='ltr'><strong>et</strong></span> <span class='ocrx_word' id='word_1_101' title='bbox 2114 2247 2502 2314; x_wconf 83' lang='lat' dir='ltr'><strong>Cancellarii</strong></span> 
     </span>
     <span class='ocr_line' id='line_1_14' title="bbox 405 2348 2503 2437; baseline 0.001 -25"><span class='ocrx_word' id='word_1_102' title='bbox 405 2348 601 2416; x_wconf 85' lang='lat' dir='ltr'><strong>dictae</strong></span> <span class='ocrx_word' id='word_1_103' title='bbox 648 2349 1140 2428; x_wconf 81' lang='lat' dir='ltr'><strong>Universitatis,</strong></span> <span class='ocrx_word' id='word_1_104' title='bbox 1208 2351 1281 2414; x_wconf 89' lang='lat' dir='ltr'><strong>in</strong></span> <span class='ocrx_word' id='word_1_105' title='bbox 1342 2351 1489 2437; x_wconf 84' lang='lat' dir='ltr'><strong>ipsa</strong></span> <span class='ocrx_word' id='word_1_106' title='bbox 1537 2349 1995 2416; x_wconf 87' lang='lat' dir='ltr'><strong>Universitate</strong></span> <span class='ocrx_word' id='word_1_107' title='bbox 2042 2350 2503 2416; x_wconf 84' lang='lat' dir='ltr'><strong>Commissario</strong></span> 
     </span>
     <span class='ocr_line' id='line_1_15' title="bbox 404 2451 2502 2536; baseline 0 -20"><span class='ocrx_word' id='word_1_108' title='bbox 404 2451 695 2536; x_wconf 82' lang='lat' dir='ltr'><strong>generali</strong></span> <span class='ocrx_word' id='word_1_109' title='bbox 773 2452 1046 2517; x_wconf 82' lang='lat' dir='ltr'><strong>fuerunt</strong></span> <span class='ocrx_word' id='word_1_110' title='bbox 1121 2453 1363 2519; x_wconf 86' lang='lat' dir='ltr'><strong>detecti</strong></span> <span class='ocrx_word' id='word_1_111' title='bbox 1447 2475 1563 2518; x_wconf 90' lang='lat' dir='ltr'><strong>seu</strong></span> <span class='ocrx_word' id='word_1_112' title='bbox 1640 2454 1967 2534; x_wconf 84' lang='lat' dir='ltr'><strong>accusati3</strong></span> <span class='ocrx_word' id='word_1_113' title='bbox 2042 2458 2113 2518; x_wconf 85' lang='lat' dir='ltr'><strong>et</strong></span> <span class='ocrx_word' id='word_1_114' title='bbox 2179 2474 2259 2519; x_wconf 84' lang='lat' dir='ltr'><strong>ea</strong></span> <span class='ocrx_word' id='word_1_115' title='bbox 2325 2475 2502 2518; x_wconf 48' lang='lat' dir='ltr'><strong>occar-</strong></span> 
     </span>
     <span class='ocr_line' id='line_1_16' title="bbox 403 2553 2503 2632; baseline 0.001 -15"><span class='ocrx_word' id='word_1_116' title='bbox 403 2554 585 2618; x_wconf 89' lang='lat' dir='ltr'><strong>sione</strong></span> <span class='ocrx_word' id='word_1_117' title='bbox 617 2575 832 2618; x_wconf 84' lang='lat' dir='ltr'><strong>coram</strong></span> <span class='ocrx_word' id='word_1_118' title='bbox 878 2553 1086 2632; x_wconf 89' lang='lat' dir='ltr'><strong>nobis,</strong></span> <span class='ocrx_word' id='word_1_119' title='bbox 1115 2555 1426 2620; x_wconf 83' lang='lat' dir='ltr'><strong>vicesimo</strong></span> <span class='ocrx_word' id='word_1_120' title='bbox 1467 2561 1700 2621; x_wconf 86' lang='lat' dir='ltr'><strong>octavo</strong></span> <span class='ocrx_word' id='word_1_121' title='bbox 1740 2556 1846 2621; x_wconf 85' lang='lat' dir='ltr'><strong>die</strong></span> <span class='ocrx_word' id='word_1_122' title='bbox 1892 2555 2133 2620; x_wconf 85' lang='lat' dir='ltr'><strong>mensis</strong></span> <span class='ocrx_word' id='word_1_123' title='bbox 2176 2555 2223 2619; x_wconf 88' lang='lat' dir='ltr'><strong>J</strong></span> <span class='ocrx_word' id='word_1_124' title='bbox 2226 2555 2503 2632; x_wconf 80' lang='lat' dir='ltr'><strong>anuarii,</strong></span> 
     </span>
     <span class='ocr_line' id='line_1_17' title="bbox 405 2655 2501 2744; baseline 0 -24"><span class='ocrx_word' id='word_1_125' title='bbox 405 2677 576 2720; x_wconf 86' lang='lat' dir='ltr'><strong>anno</strong></span> <span class='ocrx_word' id='word_1_126' title='bbox 653 2655 924 2720; x_wconf 82' lang='lat' dir='ltr'><strong>Domini</strong></span> <span class='ocrx_word' id='word_1_127' title='bbox 1005 2656 1351 2721; x_wconf 89' lang='lat' dir='ltr'><strong>millesimo</strong></span> <span class='ocrx_word' id='word_1_128' title='bbox 1439 2657 2092 2744; x_wconf 85' lang='lat' dir='ltr'><strong>quadringentesimo</strong></span> <span class='ocrx_word' id='word_1_129' title='bbox 2172 2658 2501 2722; x_wconf 85' lang='lat' dir='ltr'><strong>tricesimo</strong></span> 
     </span>
     <span class='ocr_line' id='line_1_18' title="bbox 407 2757 2503 2847; baseline 0.001 -25"><span class='ocrx_word' id='word_1_130' title='bbox 407 2759 654 2843; x_wconf 86' lang='lat' dir='ltr'><strong>quinto,</strong></span> <span class='ocrx_word' id='word_1_131' title='bbox 683 2759 756 2823; x_wconf 92' lang='lat' dir='ltr'><strong>in</strong></span> <span class='ocrx_word' id='word_1_132' title='bbox 797 2757 1062 2825; x_wconf 88' lang='lat' dir='ltr'><strong>ecclesia</strong></span> <span class='ocrx_word' id='word_1_133' title='bbox 1105 2759 1462 2845; x_wconf 80' lang='lat' dir='ltr'><strong>parochiali</strong></span> <span class='ocrx_word' id='word_1_134' title='bbox 1508 2758 1765 2847; x_wconf 86' lang='lat' dir='ltr'><strong>collegii</strong></span> <span class='ocrx_word' id='word_1_135' title='bbox 1811 2759 1893 2825; x_wconf 88' lang='lat' dir='ltr'><strong>de</strong></span> <span class='ocrx_word' id='word_1_136' title='bbox 1941 2759 2247 2825; x_wconf 85' lang='lat' dir='ltr'><strong>Martone</strong></span> <span class='ocrx_word' id='word_1_137' title='bbox 2280 2759 2503 2826; x_wconf 82' lang='lat' dir='ltr'><strong>vocati</strong></span> 
     </span>
     <span class='ocr_line' id='line_1_19' title="bbox 407 2860 2862 2949; baseline 0.002 -26"><span class='ocrx_word' id='word_1_138' title='bbox 407 2868 440 2895; x_wconf 90' lang='lat'><strong>“</strong></span> <span class='ocrx_word' id='word_1_139' title='bbox 469 2860 784 2926; x_wconf 68' lang='lat' dir='ltr'><strong>Marto‘ne</strong></span> <span class='ocrx_word' id='word_1_140' title='bbox 831 2861 1052 2945; x_wconf 72' lang='lat' dir='ltr'><strong>Goleye</strong></span> <span class='ocrx_word' id='word_1_141' title='bbox 1113 2860 1414 2938; x_wconf 76' lang='lat' dir='ltr'><strong>church,”</strong></span> <span class='ocrx_word' id='word_1_142' title='bbox 1476 2861 1743 2948; x_wconf 85' lang='lat' dir='ltr'><strong>praefati</strong></span> <span class='ocrx_word' id='word_1_143' title='bbox 1804 2863 2089 2927; x_wconf 81' lang='lat' dir='ltr'><strong>Thomas</strong></span> <span class='ocrx_word' id='word_1_144' title='bbox 2147 2869 2217 2928; x_wconf 90' lang='lat' dir='ltr'><strong>et</strong></span> <span class='ocrx_word' id='word_1_145' title='bbox 2278 2864 2504 2949; x_wconf 87' lang='lat' dir='ltr'><strong>Agnes</strong></span> <span class='ocrx_word' id='word_1_146' title='bbox 2527 2882 2586 2927; x_wconf 76' lang='lat' dir='ltr'><strong>he</strong></span> <span class='ocrx_word' id='word_1_147' title='bbox 2600 2883 2695 2927; x_wconf 69' lang='lat' dir='ltr'><strong>and</strong></span> <span class='ocrx_word' id='word_1_148' title='bbox 2710 2885 2862 2947; x_wconf 44' lang='lat' dir='ltr'>Aga-ee</span> 
     </span>
     <span class='ocr_line' id='line_1_20' title="bbox 407 2934 2946 3051; baseline 0.002 -25"><span class='ocrx_word' id='word_1_149' title='bbox 407 2964 675 3040; x_wconf 76' lang='lat' dir='ltr'><strong>evocati,</strong></span> <span class='ocrx_word' id='word_1_150' title='bbox 733 2985 810 3028; x_wconf 78' lang='lat' dir='ltr'><strong>ac</strong></span> <span class='ocrx_word' id='word_1_151' title='bbox 868 2986 1087 3029; x_wconf 86' lang='lat' dir='ltr'><strong>coram</strong></span> <span class='ocrx_word' id='word_1_152' title='bbox 1132 2963 1324 3028; x_wconf 87' lang='lat' dir='ltr'><strong>nobis</strong></span> <span class='ocrx_word' id='word_1_153' title='bbox 1369 2964 1442 3027; x_wconf 90' lang='lat' dir='ltr'><strong>in</strong></span> <span class='ocrx_word' id='word_1_154' title='bbox 1474 2963 1725 3049; x_wconf 88' lang='lat' dir='ltr'><strong>judicio</strong></span> <span class='ocrx_word' id='word_1_155' title='bbox 1772 2963 2203 3051; x_wconf 69' lang='lat' dir='ltr'><strong>personaliter</strong></span> <span class='ocrx_word' id='word_1_156' title='bbox 2246 2986 2504 3051; x_wconf 82' lang='lat' dir='ltr'><strong>compa-</strong></span> <span class='ocrx_word' id='word_1_157' title='bbox 2527 2934 2946 3038; x_wconf 45' lang='lat' dir='ltr'><strong>ffigffikte&#39;fiffissort</strong></span> 
     </span>
     <span class='ocr_line' id='line_1_21' title="bbox 408 3036 2903 3145; baseline -0 -15"><span class='ocrx_word' id='word_1_158' title='bbox 408 3070 642 3145; x_wconf 87' lang='lat' dir='ltr'><strong>rentes,</strong></span> <span class='ocrx_word' id='word_1_159' title='bbox 675 3066 929 3131; x_wconf 86' lang='lat' dir='ltr'><strong>vocatis</strong></span> <span class='ocrx_word' id='word_1_160' title='bbox 975 3066 1302 3145; x_wconf 75' lang='lat' dir='ltr'><strong>vocandi8‚</strong></span> <span class='ocrx_word' id='word_1_161' title='bbox 1352 3065 1600 3131; x_wconf 87' lang='lat' dir='ltr'><strong>dictum</strong></span> <span class='ocrx_word' id='word_1_162' title='bbox 1646 3066 1895 3131; x_wconf 86' lang='lat' dir='ltr'><strong>crimen</strong></span> <span class='ocrx_word' id='word_1_163' title='bbox 1939 3066 2183 3131; x_wconf 90' lang='lat' dir='ltr'><strong>eisdem</strong></span> <span class='ocrx_word' id='word_1_164' title='bbox 2231 3067 2503 3132; x_wconf 85' lang='lat' dir='ltr'><strong>Thomae</strong></span> <span class='ocrx_word' id='word_1_165' title='bbox 2527 3036 2903 3129; x_wconf 36' lang='lat' dir='ltr'><strong>goffessffii’ffd</strong></span> 
     </span>
     <span class='ocr_line' id='line_1_22' title="bbox 407 3137 2955 3255; baseline 0.001 -26"><span class='ocrx_word' id='word_1_166' title='bbox 407 3172 474 3231; x_wconf 87' lang='lat' dir='ltr'><strong>et</strong></span> <span class='ocrx_word' id='word_1_167' title='bbox 518 3167 768 3253; x_wconf 79' lang='lat' dir='ltr'><strong>Agneti</strong></span> <span class='ocrx_word' id='word_1_168' title='bbox 828 3168 902 3232; x_wconf 89' lang='lat' dir='ltr'><strong>in</strong></span> <span class='ocrx_word' id='word_1_169' title='bbox 945 3167 1156 3232; x_wconf 88' lang='lat' dir='ltr'><strong>forma</strong></span> <span class='ocrx_word' id='word_1_170' title='bbox 1195 3168 1369 3253; x_wconf 90' lang='lat' dir='ltr'><strong>juris</strong></span> <span class='ocrx_word' id='word_1_171' title='bbox 1420 3166 1750 3252; x_wconf 89' lang='lat' dir='ltr'><strong>objectum</strong></span> <span class='ocrx_word' id='word_1_172' title='bbox 1794 3173 2174 3233; x_wconf 67' lang='lat' dir='ltr'><strong>constanter</strong></span> <span class='ocrx_word' id='word_1_173' title='bbox 2220 3190 2502 3255; x_wconf 83' lang='lat' dir='ltr'><strong>negave-</strong></span> <span class='ocrx_word' id='word_1_174' title='bbox 2525 3137 2955 3247; x_wconf 50' lang='lat' dir='ltr'><strong>ffes’rffrianffigpffl</strong></span> 
     </span>
     <span class='ocr_line' id='line_1_23' title="bbox 403 3237 2905 3379; baseline -0.001 -46"><span class='ocrx_word' id='word_1_175' title='bbox 403 3274 578 3347; x_wconf 89' lang='lat' dir='ltr'><strong>runt,</strong></span> <span class='ocrx_word' id='word_1_176' title='bbox 626 3291 702 3334; x_wconf 83' lang='lat' dir='ltr'><strong>ac</strong></span> <span class='ocrx_word' id='word_1_177' title='bbox 746 3274 1020 3356; x_wconf 87' lang='lat' dir='ltr'><strong>uterque</strong></span> <span class='ocrx_word' id='word_1_178' title='bbox 1051 3291 1274 3335; x_wconf 89' lang='lat' dir='ltr'><strong>eorum</strong></span> <span class='ocrx_word' id='word_1_179' title='bbox 1301 3269 1596 3357; x_wconf 86' lang='lat' dir='ltr'><strong>negavit,</strong></span> <span class='ocrx_word' id='word_1_180' title='bbox 1641 3276 1726 3350; x_wconf 88' lang='lat' dir='ltr'><strong>et,</strong></span> <span class='ocrx_word' id='word_1_181' title='bbox 1758 3270 1936 3336; x_wconf 87' lang='lat' dir='ltr'><strong>facta</strong></span> <span class='ocrx_word' id='word_1_182' title='bbox 1979 3269 2287 3357; x_wconf 85' lang='lat' dir='ltr'><strong>primitus</strong></span> <span class='ocrx_word' id='word_1_183' title='bbox 2326 3271 2505 3335; x_wconf 83' lang='lat' dir='ltr'><strong>trina</strong></span> <span class='ocrx_word' id='word_1_184' title='bbox 2526 3237 2905 3379; x_wconf 50' lang='grc' dir='ltr'><strong>ῧέδι-ὦῗᾶῗιιοςε</strong></span> 
     </span>
     <span class='ocr_line' id='line_1_24' title="bbox 403 3338 2727 3459; baseline 0.001 -23"><span class='ocrx_word' id='word_1_185' title='bbox 403 3371 912 3457; x_wconf 81' lang='lat' dir='ltr'><strong>proclamatione</strong></span> <span class='ocrx_word' id='word_1_186' title='bbox 958 3370 1356 3450; x_wconf 76' lang='lat' dir='ltr'><strong>debita,—si</strong></span> <span class='ocrx_word' id='word_1_187' title='bbox 1385 3372 1542 3459; x_wconf 79' lang='lat' dir='ltr'><strong>quis</strong></span> <span class='ocrx_word' id='word_1_188' title='bbox 1587 3378 1821 3438; x_wconf 72' lang='lat' dir='ltr'><strong>contra</strong></span> <span class='ocrx_word' id='word_1_189' title='bbox 1867 3371 2212 3438; x_wconf 74' lang='lat' dir='ltr'><strong>dictorum</strong></span> <span class='ocrx_word' id='word_1_190' title='bbox 2243 3372 2503 3438; x_wconf 80' lang='lat' dir='ltr'><strong>Thomoe</strong></span> <span class='ocrx_word' id='word_1_191' title='bbox 2528 3338 2563 3381; x_wconf 65' lang='grc' dir='ltr'>ο</span> <span class='ocrx_word' id='word_1_192' title='bbox 2599 3338 2727 3385; x_wconf 55' lang='lat' dir='ltr'><strong>‘mh&#39;</strong></span> 
     </span>
    </p>

    <p class='ocr_par' dir='ltr' id='par_1_6' title="bbox 404 3474 2925 3562">
     <span class='ocr_line' id='line_1_25' title="bbox 404 3474 2925 3562; baseline -0.001 -21"><span class='ocrx_word' id='word_1_193' title='bbox 404 3480 464 3541; x_wconf 78' lang='lat' dir='ltr'><strong>et</strong></span> <span class='ocrx_word' id='word_1_194' title='bbox 508 3475 799 3560; x_wconf 73' lang='lat' dir='ltr'><strong>Aynetis</strong></span> <span class='ocrx_word' id='word_1_195' title='bbox 879 3475 1362 3562; x_wconf 72' lang='lat' dir='ltr'><strong>puryatio-nem</strong></span> <span class='ocrx_word' id='word_1_196' title='bbox 1431 3474 1726 3542; x_wconf 71' lang='lat' dir='ltr'><strong>voluer-it</strong></span> <span class='ocrx_word' id='word_1_197' title='bbox 1789 3474 2078 3559; x_wconf 75' lang='lat' dir='ltr'><strong>objicere,</strong></span> <span class='ocrx_word' id='word_1_198' title='bbox 2093 3475 2503 3560; x_wconf 90' lang='lat' dir='ltr'><strong>—nulloque</strong></span> <span class='ocrx_word' id='word_1_199' title='bbox 2526 3487 2621 3530; x_wconf 73' lang='lat' dir='ltr'><strong>and</strong></span> <span class='ocrx_word' id='word_1_200' title='bbox 2636 3488 2767 3531; x_wconf 76' lang='lat' dir='ltr'><strong>there</strong></span> <span class='ocrx_word' id='word_1_201' title='bbox 2789 3501 2850 3533; x_wconf 88' lang='lat' dir='ltr'><strong>no</strong></span> <span class='ocrx_word' id='word_1_202' title='bbox 2865 3502 2925 3534; x_wconf 84' lang='lat' dir='ltr'><strong>on</strong></span> 
     </span>
    </p>
   </div>
   <div class='ocr_carea' id='block_1_6' title="bbox 405 3502 2954 3663">
    <p class='ocr_par' dir='ltr' id='par_1_7' title="bbox 405 3502 2954 3663">
     <span class='ocr_line' id='line_1_26' title="bbox 2672 3502 2953 3551; baseline 0.007 -2"><span class='ocrx_word' id='word_1_203' title='bbox 2672 3539 2681 3549; x_wconf 90' lang='lat'>.</span> <span class='ocrx_word' id='word_1_204' title='bbox 2768 3520 2779 3551; x_wconf 72' lang='grc' dir='ltr'><strong>ε</strong></span> <span class='ocrx_word' id='word_1_205' title='bbox 2926 3502 2953 3533; x_wconf 70' lang='lat'>0</span> 
     </span>
     <span class='ocr_line' id='line_1_27' title="bbox 405 3540 2954 3663; baseline -0 -22"><span class='ocrx_word' id='word_1_206' title='bbox 405 3576 900 3642; x_wconf 83' lang='lat' dir='ltr'><strong>contradicturo</strong></span> <span class='ocrx_word' id='word_1_207' title='bbox 943 3583 1376 3663; x_wconf 81' lang='lat' dir='ltr'><strong>comparente,</strong></span> <span class='ocrx_word' id='word_1_208' title='bbox 1409 3577 1688 3663; x_wconf 82' lang='lat' dir='ltr'><strong>praefata</strong></span> <span class='ocrx_word' id='word_1_209' title='bbox 1714 3578 1960 3663; x_wconf 81' lang='lat' dir='ltr'><strong>AgneS,</strong></span> <span class='ocrx_word' id='word_1_210' title='bbox 1993 3599 2160 3663; x_wconf 73' lang='lat' dir='ltr'><strong>quae,</strong></span> <span class='ocrx_word' id='word_1_211' title='bbox 2206 3584 2283 3644; x_wconf 90' lang='lat' dir='ltr'><strong>ut</strong></span> <span class='ocrx_word' id='word_1_212' title='bbox 2328 3576 2503 3641; x_wconf 88' lang='lat' dir='ltr'><strong>dice·</strong></span> <span class='ocrx_word' id='word_1_213' title='bbox 2526 3540 2954 3633; x_wconf 51' lang='grc' dir='ltr'><strong>ἷῗιῖιῗῗᾶῃῆιῗὲνιέοτῖὴ</strong></span> 
     </span>
    </p>
   </div>
   <div class='ocr_carea' id='block_1_7' title="bbox 399 3640 2955 4687">
    <p class='ocr_par' dir='ltr' id='par_1_8' title="bbox 399 3640 2955 4687">
     <span class='ocr_line' id='line_1_28' title="bbox 403 3640 2955 3766; baseline -0.002 -22"><span class='ocrx_word' id='word_1_214' title='bbox 403 3680 618 3756; x_wconf 84' lang='lat' dir='ltr'><strong>batur,</strong></span> <span class='ocrx_word' id='word_1_215' title='bbox 648 3680 865 3745; x_wconf 86' lang='lat' dir='ltr'><strong>fuerat</strong></span> <span class='ocrx_word' id='word_1_216' title='bbox 908 3679 1292 3764; x_wconf 76' lang='lat' dir='ltr'><strong>suscitatrix</strong></span> <span class='ocrx_word' id='word_1_217' title='bbox 1323 3685 1391 3745; x_wconf 92' lang='lat' dir='ltr'><strong>et</strong></span> <span class='ocrx_word' id='word_1_218' title='bbox 1436 3701 1630 3745; x_wconf 80' lang='lat' dir='ltr'><strong>causa</strong></span> <span class='ocrx_word' id='word_1_219' title='bbox 1658 3678 2034 3766; x_wconf 85' lang='lat' dir='ltr'><strong>principalis</strong></span> <span class='ocrx_word' id='word_1_220' title='bbox 2078 3679 2357 3745; x_wconf 90' lang='lat' dir='ltr'><strong>rumoris</strong></span> <span class='ocrx_word' id='word_1_221' title='bbox 2386 3701 2501 3744; x_wconf 86' lang='lat' dir='ltr'><strong>seu</strong></span> <span class='ocrx_word' id='word_1_222' title='bbox 2524 3640 2819 3741; x_wconf 35' lang='lat' dir='ltr'><strong>mma?</strong></span> <span class='ocrx_word' id='word_1_223' title='bbox 2834 3652 2955 3684; x_wconf 55' lang='lat'><strong>⁰⁰¹⁸·</strong></span> 
     </span>
     <span class='ocr_line' id='line_1_29' title="bbox 403 3781 2501 3870; baseline -0.001 -23"><span class='ocrx_word' id='word_1_224' title='bbox 403 3781 862 3870; x_wconf 78' lang='lat' dir='ltr'><strong>defamationis</strong></span> <span class='ocrx_word' id='word_1_225' title='bbox 891 3782 1241 3869; x_wconf 84' lang='lat' dir='ltr'><strong>praedictae,</strong></span> <span class='ocrx_word' id='word_1_226' title='bbox 1270 3804 1408 3848; x_wconf 89' lang='lat' dir='ltr'><strong>non</strong></span> <span class='ocrx_word' id='word_1_227' title='bbox 1449 3782 1522 3847; x_wconf 84' lang='lat' dir='ltr'><strong>vi</strong></span> <span class='ocrx_word' id='word_1_228' title='bbox 1561 3803 1775 3867; x_wconf 88' lang='lat' dir='ltr'><strong>neque</strong></span> <span class='ocrx_word' id='word_1_229' title='bbox 1802 3787 1987 3847; x_wconf 90' lang='lat' dir='ltr'><strong>metu</strong></span> <span class='ocrx_word' id='word_1_230' title='bbox 2016 3788 2258 3859; x_wconf 88' lang='lat' dir='ltr'><strong>coacta,</strong></span> <span class='ocrx_word' id='word_1_231' title='bbox 2288 3802 2501 3867; x_wconf 89' lang='lat' dir='ltr'><strong>neque</strong></span> 
     </span>
     <span class='ocr_line' id='line_1_30' title="bbox 401 3883 2499 3970; baseline -0.001 -21"><span class='ocrx_word' id='word_1_232' title='bbox 401 3884 553 3949; x_wconf 89' lang='lat' dir='ltr'><strong>dolo</strong></span> <span class='ocrx_word' id='word_1_233' title='bbox 596 3884 891 3964; x_wconf 82' lang='lat' dir='ltr'><strong>inducta,</strong></span> <span class='ocrx_word' id='word_1_234' title='bbox 927 3884 1164 3970; x_wconf 80' lang='lat' dir='ltr'><strong>palam,</strong></span> <span class='ocrx_word' id='word_1_235' title='bbox 1213 3883 1491 3970; x_wconf 88' lang='lat' dir='ltr'><strong>publice,</strong></span> <span class='ocrx_word' id='word_1_236' title='bbox 1537 3891 1606 3949; x_wconf 88' lang='lat' dir='ltr'><strong>et</strong></span> <span class='ocrx_word' id='word_1_237' title='bbox 1650 3884 1827 3950; x_wconf 82' lang='lat' dir='ltr'><strong>vivae</strong></span> <span class='ocrx_word' id='word_1_238' title='bbox 1871 3884 2051 3950; x_wconf 89' lang='lat' dir='ltr'><strong>vocis</strong></span> <span class='ocrx_word' id='word_1_239' title='bbox 2094 3884 2372 3964; x_wconf 74' lang='lat' dir='ltr'><strong>oraculo,</strong></span> <span class='ocrx_word' id='word_1_240' title='bbox 2415 3906 2499 3949; x_wconf 82' lang='lat' dir='ltr'><strong>ex</strong></span> 
     </span>
     <span class='ocr_line' id='line_1_31' title="bbox 401 3986 2499 4074; baseline 0 -23"><span class='ocrx_word' id='word_1_241' title='bbox 401 3992 583 4052; x_wconf 84' lang='lat' dir='ltr'><strong>certa</strong></span> <span class='ocrx_word' id='word_1_242' title='bbox 627 3986 905 4052; x_wconf 83' lang='lat' dir='ltr'><strong>scientia</strong></span> <span class='ocrx_word' id='word_1_243' title='bbox 948 4008 1070 4051; x_wconf 86' lang='lat' dir='ltr'><strong>sua</strong></span> <span class='ocrx_word' id='word_1_244' title='bbox 1119 3986 1192 4051; x_wconf 91' lang='lat' dir='ltr'><strong>in</strong></span> <span class='ocrx_word' id='word_1_245' title='bbox 1233 3986 1448 4051; x_wconf 88' lang='lat' dir='ltr'><strong>forma</strong></span> <span class='ocrx_word' id='word_1_246' title='bbox 1495 3986 1670 4074; x_wconf 86' lang='lat' dir='ltr'><strong>juris</strong></span> <span class='ocrx_word' id='word_1_247' title='bbox 1718 3986 1996 4072; x_wconf 77' lang='lat' dir='ltr'><strong>juravit,</strong></span> <span class='ocrx_word' id='word_1_248' title='bbox 2046 3987 2223 4073; x_wconf 90' lang='lat' dir='ltr'><strong>quod</strong></span> <span class='ocrx_word' id='word_1_249' title='bbox 2265 3986 2499 4074; x_wconf 47' lang='lat' dir='ltr'><strong>praefar-</strong></span> 
     </span>
     <span class='ocr_line' id='line_1_32' title="bbox 401 4088 2499 4177; baseline 0 -24"><span class='ocrx_word' id='word_1_250' title='bbox 401 4094 510 4153; x_wconf 87' lang='lat' dir='ltr'><strong>tus</strong></span> <span class='ocrx_word' id='word_1_251' title='bbox 577 4088 863 4153; x_wconf 84' lang='lat' dir='ltr'><strong>Thomas</strong></span> <span class='ocrx_word' id='word_1_252' title='bbox 923 4110 1264 4177; x_wconf 86' lang='lat' dir='ltr'><strong>nunquam</strong></span> <span class='ocrx_word' id='word_1_253' title='bbox 1326 4111 1474 4154; x_wconf 89' lang='lat' dir='ltr'><strong>cum</strong></span> <span class='ocrx_word' id='word_1_254' title='bbox 1537 4112 1614 4155; x_wconf 86' lang='lat' dir='ltr'><strong>ea</strong></span> <span class='ocrx_word' id='word_1_255' title='bbox 1675 4093 1897 4154; x_wconf 84' lang='lat' dir='ltr'><strong>actum</strong></span> <span class='ocrx_word' id='word_1_256' title='bbox 1951 4088 2283 4175; x_wconf 83' lang='lat' dir='ltr'><strong>corporale</strong></span> <span class='ocrx_word' id='word_1_257' title='bbox 2348 4110 2499 4154; x_wconf 89' lang='lat' dir='ltr'><strong>con-</strong></span> 
     </span>
     <span class='ocr_line' id='line_1_33' title="bbox 401 4190 2499 4277; baseline 0 -21"><span class='ocrx_word' id='word_1_258' title='bbox 401 4190 821 4277; x_wconf 84' lang='lat' dir='ltr'><strong>cupiscentiae</strong></span> <span class='ocrx_word' id='word_1_259' title='bbox 864 4212 982 4256; x_wconf 87' lang='lat' dir='ltr'><strong>seu</strong></span> <span class='ocrx_word' id='word_1_260' title='bbox 1029 4190 1532 4256; x_wconf 74' lang='lat' dir='ltr'><strong>incontinentiae</strong></span> <span class='ocrx_word' id='word_1_261' title='bbox 1575 4190 1919 4269; x_wconf 85' lang='lat' dir='ltr'><strong>commisit,</strong></span> <span class='ocrx_word' id='word_1_262' title='bbox 1948 4212 2161 4277; x_wconf 89' lang='lat' dir='ltr'><strong>neque</strong></span> <span class='ocrx_word' id='word_1_263' title='bbox 2205 4212 2368 4268; x_wconf 86' lang='lat' dir='ltr'><strong>eam,</strong></span> <span class='ocrx_word' id='word_1_264' title='bbox 2414 4192 2499 4257; x_wconf 83' lang='lat' dir='ltr'><strong>ad</strong></span> 
     </span>
     <span class='ocr_line' id='line_1_34' title="bbox 401 4290 2499 4380; baseline 0.001 -23"><span class='ocrx_word' id='word_1_265' title='bbox 401 4290 780 4377; x_wconf 87' lang='lat' dir='ltr'><strong>hujusmodi</strong></span> <span class='ocrx_word' id='word_1_266' title='bbox 827 4298 1050 4360; x_wconf 78' lang='lat' dir='ltr'><strong>actum</strong></span> <span class='ocrx_word' id='word_1_267' title='bbox 1087 4294 1619 4379; x_wconf 86' lang='lat' dir='ltr'><strong>perpetrandum,</strong></span> <span class='ocrx_word' id='word_1_268' title='bbox 1656 4299 1861 4371; x_wconf 87' lang='lat' dir='ltr'><strong>tactu,</strong></span> <span class='ocrx_word' id='word_1_269' title='bbox 1890 4292 2112 4370; x_wconf 84' lang='lat' dir='ltr'><strong>verbo,</strong></span> <span class='ocrx_word' id='word_1_270' title='bbox 2141 4294 2343 4380; x_wconf 88' lang='lat' dir='ltr'><strong>signo,</strong></span> <span class='ocrx_word' id='word_1_271' title='bbox 2393 4295 2499 4359; x_wconf 90' lang='lat' dir='ltr'><strong>vel</strong></span> 
     </span>
     <span class='ocr_line' id='line_1_35' title="bbox 399 4395 2499 4482; baseline 0 -21"><span class='ocrx_word' id='word_1_272' title='bbox 399 4400 572 4461; x_wconf 90' lang='lat' dir='ltr'><strong>nutu</strong></span> <span class='ocrx_word' id='word_1_273' title='bbox 634 4416 925 4481; x_wconf 88' lang='lat' dir='ltr'><strong>unquam</strong></span> <span class='ocrx_word' id='word_1_274' title='bbox 990 4395 1332 4477; x_wconf 83' lang='lat' dir='ltr'><strong>excitavit,</strong></span> <span class='ocrx_word' id='word_1_275' title='bbox 1385 4418 1518 4482; x_wconf 84' lang='lat' dir='ltr'><strong>qua</strong></span> <span class='ocrx_word' id='word_1_276' title='bbox 1573 4396 1973 4462; x_wconf 85' lang='lat' dir='ltr'><strong>confessione</strong></span> <span class='ocrx_word' id='word_1_277' title='bbox 2036 4418 2151 4461; x_wconf 87' lang='lat' dir='ltr'><strong>seu</strong></span> <span class='ocrx_word' id='word_1_278' title='bbox 2212 4396 2499 4462; x_wconf 84' lang='lat' dir='ltr'><strong>declara-</strong></span> 
     </span>
     <span class='ocr_line' id='line_1_36' title="bbox 399 4498 2496 4585; baseline 0.001 -22"><span class='ocrx_word' id='word_1_279' title='bbox 399 4499 581 4563; x_wconf 88' lang='lat' dir='ltr'><strong>tione</strong></span> <span class='ocrx_word' id='word_1_280' title='bbox 641 4521 682 4562; x_wconf 86' lang='lat' dir='ltr'><strong>a</strong></span> <span class='ocrx_word' id='word_1_281' title='bbox 739 4498 1020 4583; x_wconf 81' lang='lat' dir='ltr'><strong>praefata</strong></span> <span class='ocrx_word' id='word_1_282' title='bbox 1064 4498 1326 4585; x_wconf 86' lang='lat' dir='ltr'><strong>Agnete</strong></span> <span class='ocrx_word' id='word_1_283' title='bbox 1378 4498 1731 4585; x_wconf 84' lang='lat' dir='ltr'><strong>praemissa,</strong></span> <span class='ocrx_word' id='word_1_284' title='bbox 1778 4500 1987 4585; x_wconf 85' lang='lat' dir='ltr'><strong>ipsam</strong></span> <span class='ocrx_word' id='word_1_285' title='bbox 2032 4498 2385 4564; x_wconf 85' lang='lat' dir='ltr'><strong>habuimus</strong></span> <span class='ocrx_word' id='word_1_286' title='bbox 2428 4509 2496 4565; x_wconf 89' lang='lat' dir='ltr'><strong>et</strong></span> 
     </span>
     <span class='ocr_line' id='line_1_37' title="bbox 399 4600 2497 4687; baseline 0.001 -22"><span class='ocrx_word' id='word_1_287' title='bbox 399 4600 806 4667; x_wconf 84' lang='lat' dir='ltr'><strong>decrevimus</strong></span> <span class='ocrx_word' id='word_1_288' title='bbox 853 4606 1216 4686; x_wconf 82' lang='lat' dir='ltr'><strong>purgatam,</strong></span> <span class='ocrx_word' id='word_1_289' title='bbox 1273 4622 1536 4687; x_wconf 87' lang='lat' dir='ltr'><strong>suaeque</strong></span> <span class='ocrx_word' id='word_1_290' title='bbox 1581 4600 1773 4667; x_wconf 86' lang='lat' dir='ltr'><strong>famae</strong></span> <span class='ocrx_word' id='word_1_291' title='bbox 1832 4601 2257 4667; x_wconf 89' lang='lat' dir='ltr'><strong>restitutam:</strong></span> <span class='ocrx_word' id='word_1_292' title='bbox 2324 4602 2497 4668; x_wconf 84' lang='lat' dir='ltr'><strong>Prae-</strong></span> 
     </span>
    </p>
   </div>
   <div class='ocr_carea' id='block_1_8' title="bbox 397 4702 2498 4790">
    <p class='ocr_par' dir='ltr' id='par_1_9' title="bbox 397 4702 2498 4790">
     <span class='ocr_line' id='line_1_38' title="bbox 397 4702 2498 4790; baseline 0 -22"><span class='ocrx_word' id='word_1_293' title='bbox 397 4708 580 4769; x_wconf 83' lang='lat' dir='ltr'><strong>terea</strong></span> <span class='ocrx_word' id='word_1_294' title='bbox 624 4724 780 4767; x_wconf 88' lang='lat' dir='ltr'><strong>vero</strong></span> <span class='ocrx_word' id='word_1_295' title='bbox 826 4702 1046 4768; x_wconf 87' lang='lat' dir='ltr'><strong>dictus</strong></span> <span class='ocrx_word' id='word_1_296' title='bbox 1109 4702 1428 4790; x_wconf 82' lang='lat' dir='ltr'><strong>Magister</strong></span> <span class='ocrx_word' id='word_1_297' title='bbox 1482 4703 1766 4769; x_wconf 85' lang='lat' dir='ltr'><strong>Thomas</strong></span> <span class='ocrx_word' id='word_1_298' title='bbox 1810 4704 2197 4789; x_wconf 83' lang='lat' dir='ltr'><strong>praedictum</strong></span> <span class='ocrx_word' id='word_1_299' title='bbox 2251 4705 2498 4769; x_wconf 83' lang='lat' dir='ltr'><strong>crimen</strong></span> 
     </span>
    </p>
   </div>
  </div>
 </body>
</html>
