3466 5635
824 911 954 976 698
1374 923 1556 976 Aci-A
1600 925 1840 976 cunm
1881 923 2361 976 omcnrmmt

369 1117 475 1212 ζξῗῡ
474 1127 557 1221 {0¹¹
552 1128 799 1213 fflonffl
818 1111 950 1192 tim
994 1113 1109 1198 qui
1152 1133 1271 1198 per
1312 1112 1649 1200 publicum
1700 1114 2097 1180 servientem
2141 1113 2464 1200 quaesitus
2512 1112 2602 1178 ad
2645 1112 2914 1178 domum

368 1219 763 1321 mfimssd
819 1237 953 1280 non
1014 1218 1114 1280 est
1174 1220 1490 1302 repertun,
1538 1215 1779 1281 deinde
1837 1215 2098 1303 publice
2155 1222 2430 1282 vocatus
2488 1237 2607 1303 per
2664 1213 2918 1280 scholas

368 1321 577 1424 affl}
589 1322 640 1364 ¹⁰
822 1325 893 1387 et
936 1321 1236 1388 ecclesias
1280 1321 1404 1386 sub
1450 1344 1648 1410 poena
1712 1321 2118 1388 bannitionis
2160 1343 2298 1387 non
2356 1320 2741 1408 comparuit,
2800 1341 2916 1386 ex-

820 1429 1251 1511 pectatusque
1293 1446 1411 1511 per
1453 1425 1697 1492 multos
1742 1426 1882 1491 dies
1910 1427 2136 1491 venire
2179 1424 2612 1512 contempsit3
2647 1423 2918 1489 tandem

821 1526 1295 1592 deliberatione
1354 1526 1551 1607 facta,
1594 1532 1663 1594 et
1727 1532 1994 1593 matura
2037 1527 2624 1593 communicatione
2665 1524 2912 1604 habita,

821 1629 897 1693 in
970 1629 1474 1715 congregatione
1549 1629 1951 1747 Regentium
2026 1629 2309 1696 diversis
2396 1629 2628 1695 diebus
2715 1649 2914 1716 super

822 1729 1051 1796 eadem
1095 1752 1291 1796 causa
1334 1732 1918 1798 convenientium
1898 1755 1973 1798 m
2017 1732 2212 1798 domo
2253 1730 2793 1820 congregationis,
2835 1751 2920 1795 ex

370 1839 733 1946 M
747 1837 800 1882 ¹¹²
823 1854 1051 1899 eorum
1095 1834 1364 1899 consilio
1427 1839 1496 1901 et
1562 1857 1886 1901 consensu
1939 1833 2294 1922 praedictus
2359 1834 2566 1900 frater
2632 1833 2916 1898 Thomas

825 1936 1221 2014 Gloucester,
1266 1942 1536 2024 propter
1579 1937 1794 2003 multa
1859 1942 1929 2004 et
1995 1937 2230 2054 gravia
2274 1937 2515 2002 delicta
2579 1957 2700 2001 sua
2741 1935 2918 2000 infra

825 2038 1353 2104 Universitatem
1419 2041 1780 2117 commissa,
1828 2040 2159 2127 praecipue
2224 2043 2494 2126 propter
2557 2037 2916 2126 perjurium

821 2162 1016 2228 super
1076 2161 1209 2227 quo
1268 2140 1561 2229 legitime
1606 2141 1947 2207 convictus
1991 2147 2150 2220 erat,
2195 2141 2377 2228 prius
2434 2141 2510 2205 in
2571 2161 2922 2228 congrega-

823 2243 1005 2309 tione
1049 2242 1436 2323 declaratu3‚
1456 2236 1571 2309 'ad
1612 2244 1972 2315 instantias
2031 2243 2328 2330 ejusdem
2393 2241 2919 2332 congregationis

822 2346 1221 2434 degradatus
1264 2350 1384 2428 est,
1430 2347 1918 2413 undevicesimo
1963 2346 2071 2412 die
2131 2345 2494 2428 Februarii,
2540 2351 2612 2412 et
2655 2350 2923 2433 propter

370 2452 464 2499 *nd
478 2450 717 2498 Μω-
823 2449 1245 2516 manifestam
1310 2470 1388 2515 ac
1448 2447 1885 2537 multiplicem
1949 2449 2432 2515 contumaciam
2505 2469 2694 2514 suam
2758 2449 2918 2514 ban-

822 2556 1026 2623 nitus,

998 2769 1051 2837 I
1041 2777 1370 2859 nvemtory
1414 2769 1498 2858 of
1528 2769 1633 2839 the
1672 2770 1877 2858 yoods
1919 2770 2000 2859 os
2032 2769 2158 2841 sir
2196 2769 2386 2839 John
2429 2767 2756 2859 Lydbcry.

910 2939 1131 3027 Theys
1176 2940 1359 3026 beyn
1400 2939 1517 3007 the
1560 2940 1725 3029 gods
1770 2939 1847 3007 of
1881 2940 2013 3027 Syr
2055 2940 2161 3009 W.
2205 2940 2524 3031 Lydbery
2580 2940 2735 3008 that
2780 2941 2922 3027 byn
2981 2921 2990 2930 ’

820 3047 1117 3135 praysyd
1161 3046 1255 3134 by
1296 3046 1481 3113 Jhon
1544 3045 1748 3129 More,
1795 3046 2182 3134 Stasynary,
2226 3048 2360 3113 and
2423 3047 2609 3115 Jhon
2671 3048 2916 3133 Hal-yn,

823 3148 1059 3236 bydall
1102 3148 1236 3215 and
1280 3170 1692 3236 supervysor.

916 3274 970 3342 I
961 3297 1017 3343 ‘n
1046 3272 1335 3365 pmie,
1356 3274 1409 3365 j.
1438 3276 1742 3363 coverlyt
1786 3273 1863 3340 of
1895 3274 2122 3363 wyhtt
2171 3276 2336 3343 with
2379 3275 2497 3341 red

1094 3379 1296 3466 ffolys
1339 3379 1475 3445 and
1502 3378 1681 3445 blaw
1817 3416 1845 3429 -
2021 3419 2054 3431 -
2185 3380 2478 3466 pretium
2563 3416 2594 3433 ·-
2683 3374 2834 3464 xijd.

918 3480 1111 3560 Item
1159 3482 1250 3569 iij.
1296 3481 1605 3548 blankets
1813 3519 1844 3531 -
2027 3520 2057 3533 -
2191 3483 2480 3569 pretium
2567 3518 2598 3532 -
2684 3478 2835 3566 xijd.

916 3584 1111 3665 Item
1160 3608 1202 3650 a
1244 3606 1411 3672 peyr
1454 3584 1532 3649 of
1566 3584 1782 3651 schets
2021 3622 2051 3638 -
2181 3585 2467 3672 pretium
2556 3623 2583 3637 -
2691 3580 2836 3649 xxd.

916 3687 1111 3767 Item,
1158 3687 1223 3774 ij.
1269 3687 1434 3754 hods
1476 3691 1615 3754 scet
1632 3686 1659 3725 ¹
1703 3685 1856 3776 (sic)
2008 3726 2036 3738 -
2171 3688 2461 3776 pretium
2552 3726 2580 3738 -
2710 3684 2832 3773 vjd.

914 3790 1108 3872 Item,
1151 3814 1195 3857 a
1235 3798 1525 3857 materas
1600 3830 1627 3844 -
2013 3828 2041 3840 --
2175 3791 2464 3876 pretium
2552 3828 2581 3841 -
2685 3786 2833 3855 xxd.

912 3894 964 3959 I
960 3900 1106 3973 tem
1152 3894 1218 3980 ij.
1266 3893 1512 3981 pelows
1598 3928 1631 3945 ·-
2017 3929 2046 3942 -
2253 3930 2282 3944 -
2547 3929 2578 3941 -
2730 3889 2832 3978 ijd.

911 3995 1106 4078 Item,
1141 3998 1191 4085 3.
1236 4018 1473 4086 gowne
1516 3994 1690 4063 with
1725 3995 1778 4082 j.
1821 3994 2034 4062 hod·
2245 4032 2272 4045 -
2541 4034 2567 4046 -
2705 3994 2829 4081 iija.

913 4099 1105 4179 Item
1152 4122 1194 4166 a
1236 4122 1408 4187 payr
1465 4099 1542 4165 of
1591 4104 1856 4187 strepys
2010 4133 2040 4146 -
2245 4132 2275 4145 -
2539 4133 2568 4146 -
2730 4094 2832 4185 ijd.

911 4203 1107 4284 Item,
1154 4224 1197 4269 a
1238 4202 1402 4269 lewt
1580 4238 1610 4252 ··
1999 4241 2027 4254 -
2160 4198 2452 4288 pretium
2536 4235 2575 4271 ,-
2709 4197 2832 4286 vjd.

1847 4302 2120 4371 Summa
2177 4300 2406 4369 totalis
2495 4302 2611 4369 ixss.
2653 4298 2828 4389 viijd.

908 4469 963 4536 I
958 4474 1107 4551 tem,
1149 4491 1271 4559 pro
1329 4467 1579 4535 bidello
1636 4470 1707 4535 et
1766 4464 2232 4533 stationario-
2528 4504 2557 4515 -
2703 4462 2829 4531 ivd.

909 4571 962 4638 I
953 4579 1102 4653 tem,
1147 4592 1267 4661 pro
1310 4572 1589 4659 registro
1789 4604 1824 4619 -
2001 4604 2030 4619 ·
2205 4604 2236 4619 -
2523 4604 2554 4619 -
2732 4564 2838 4655 ijd.

824 4688 2920 4732 ——.-———-..—.....—-....2———..-....

886 4790 903 4822 ¹
928 4788 1164 4855 Poscibly
1196 4805 1227 4841 a
1259 4788 1574 4840 contu-action
1604 4786 1686 4838 for
1715 4785 1913 4849 scau-let,
1945 4785 2138 4853 though
2171 4786 2314 4837 there
2345 4784 2392 4837 is
2423 4800 2492 4835 no
2523 4784 2669 4836 mark
2704 4785 2766 4837 of
2801 4800 2920 4835 con-

822 4868 1038 4922 tractiori
1059 4884 1181 4921 over
1201 4866 1289 4920 the
1309 4868 1451 4920 word
1470 4866 1526 4918 in
1546 4866 1635 4919 the
1656 4864 1774 4921 MS.
