3466 5635
828 699 959 770 ’726
1376 715 1553 764 ACTA
1598 715 1830 765 cumae:
1875 715 2350 765 CANCELLARH.

919 947 1264 1034 Privileyc
1306 947 1386 1034 of
1420 945 1790 1032 bct-nishv'my
1829 947 2121 1032 yra‘nted
2163 953 2228 1014 to
2271 945 2376 1013 tho
2421 945 2830 1014 Chameaor.

920 1099 1065 1164 Rex
1130 1098 1454 1165 Hemieus
1516 1104 1744 1164 sextus
1806 1097 1992 1163 dedit
2049 1095 2471 1184 privilegium
2518 1097 2920 1164 cancellario

832 1202 1103 1267 Oxoniae
1168 1201 1568 1285 cuicumque,
1630 1203 1698 1266 et
1765 1198 1904 1284 ejus
1952 1197 2412 1266 commissario
2471 1199 2776 1286 generali,
2837 1224 2878 1265 a

832 1304 957 1368 ban
966 1304 1280 1369 niendum
1322 1302 1597 1369 rebelles
1644 1301 1855 1368 officio
1903 1301 2290 1368 cancellarii
2340 1303 2532 1366 extra
2575 1301 2920 1382 oxoniam,

830 1406 929 1470 ita
972 1409 1049 1472 ut
1092 1427 1229 1472 non
1272 1409 1583 1478 maneant
1628 1425 1745 1492 per
1789 1403 1964 1469 diem
2010 1403 2186 1469 infra.
2230 1402 2570 1470 duodecim
2617 1403 2924 1470 millia-ria

832 1507 1125 1594 undique
1169 1506 1349 1573 villae
1396 1506 1677 1572 Oxoniae
1720 1505 2106 1592 adjacentia.

1369 1749 1617 1836 Surety
1646 1749 1770 1837 for
1797 1749 1861 1814 A
1865 1770 2026 1836 ‚ques
2053 1748 2395 1837 Petypacc.

451 1912 521 1964 A.
542 1927 616 1964 aa.
640 1915 756 1962 2⁵3.
929 1899 1181 1980 Quarto
1226 1896 1427 1962 etiam
1473 1896 1581 1962 die
1642 1895 1962 1962 Ricardus
2029 1895 2378 1964 Stanlake'
2409 1902 2478 1964 et
2538 1899 2928 1966 Wilhelmus

420 2003 790 2064 Dec.4,1467.
840 2001 1027 2068 Glere
1088 2013 1304 2066 coram
1366 1999 1558 2064 nobis
1603 2020 1671 2064 se
1730 1999 2207 2086 obligaverunt,
2267 1997 2390 2065 sub
2442 2023 2643 2088 poena
2702 2003 2923 2069 decem

382 2091 763 2188 &Xoffiff‘l'm
835 2103 1169 2182 librarum,
1218 2124 1338 2190 pro
1383 2101 1645 2190 Agnete
1691 2100 2033 2188 Petypace,
2077 2100 2254 2187 quod
2283 2103 2576 2168 servabit
2638 2155 2652 2170 .
2721 2157 2736 2171 .
2812 2157 2826 2170 .
2885 2103 2926 2170 ‚¹

382 2195 777 2289 ffffif‘ngssffioe
836 2207 1231 2272 servientem
1275 2226 1462 2270 suam
1506 2203 1630 2269 sub
1673 2202 2114 2270 indemnitate
2156 2205 2488 2291 corporali,
2534 2207 2692 2270 dum
2743 2207 2928 2272 illam

385 2295 744 2396 fflnffifftbls.
836 2333 985 2375 cum
1044 2307 1357 2396 praedicta
1415 2305 1675 2393 Agnete
1735 2305 2122 2372 commorari
2187 2309 2555 2396 contigerit,
2616 2313 2686 2376 et
2752 2331 2882 2398 quo

838 2433 972 2477 non
1016 2409 1372 2498 castigabit
1417 2431 1560 2474 eam
1608 2407 1737 2473 nisi
1782 2413 1861 2472 ut
1904 2409 2103 2474 decet.

870 2647 1000 2714 The
1043 2643 1295 2732 baibiffs
1338 2646 1415 2731 of
1454 2644 1709 2729 oxsbrd
1752 2666 1868 2710 are
1911 2651 1976 2710 to
2021 2665 2218 2710 cause
2261 2644 2552 2731 ciyhtecn
2581 2646 2886 2734 frcemen

1290 2753 1353 2813 to
1398 2767 1657 2834 appear
1700 2744 1912 2833 before
1941 2743 2046 2814 the
2080 2745 2480 2814 Chanaellor.

930 2898 1341 2984 Praeceptum
1404 2899 1505 2962 est
1564 2894 1834 2961 ballivis
1893 2894 2073 2961 villae
2129 2895 2422 2974 Oxoniae,
2469 2898 2649 2982 quod
2705 2898 2930 2963 venire

840 3000 1088 3065 faciant
1116 3020 1329 3065 coram
1361 2996 1623 3063 domino
1655 2996 2073 3077 Cancellario,
2105 2997 2245 3063 sive
2285 2996 2425 3083 ejus
2455 2998 2929 3078 Commissario,

840 3103 1016 3190 apud
1050 3100 1467 3186 Gyldhallam
1496 3098 1671 3165 vfflae
1699 3099 2050 3187 praedictae‚
2083 3100 2440 3167 octodecim
2473 3100 2710 3167 liberos
2743 3107 2810 3167 et
2842 3102 2932 3167 le-

838 3204 1017 3290 gales
1045 3203 1343 3268 homines
1374 3202 1454 3268 de
1488 3200 1649 3266 villa
1676 3201 2012 3267 antedicta
2049 3207 2118 3267 et
2149 3201 2480 3268 suburbiis
2507 3202 2813 3289 ejusdem,
2843 3205 2931 3269 ad

838 3307 1209 3373 faciendum
1238 3311 1306 3371 et
1340 3304 1808 3390 inquirendum
1853 3325 1947 3383 ea,
1993 3326 2141 3389 quae
2185 3306 2279 3369 eis
2323 3305 2568 3371 ibidem
2614 3328 2698 3371 ex
2741 3313 2929 3393 parte

839 3409 1090 3476 domini
1120 3408 1291 3495 regis
1319 3406 1771 3493 injungentur,
1807 3411 1875 3471 et
1913 3407 2092 3491 quod
2129 3406 2330 3471 iidem
2369 3408 2602 3472 ballivi
2643 3408 2931 3475 habeant

838 3512 1108 3577 nomina
1150 3508 1613 3596 praedictorum
1677 3508 1900 3573 decem
1963 3514 2034 3573 et
2095 3513 2242 3574 octo
2302 3508 2652 3574 liberorum
2723 3510 2929 3576 homi-

838 3636 998 3677 num
1064 3614 1305 3697 [coram
1374 3610 1551 3675 dicto
1614 3610 1879 3674 domino
1947 3608 2374 3698 Cancellario]
2395 3610 2422 3648 ²
2483 3612 2660 3697 apud
2721 3612 2927 3698 Gyld-

838 3715 1081 3779 hallam
1152 3712 1551 3801 piaedictam‚
1604 3711 1744 3797 [die
1810 3711 1985 3777 lunae
2052 3710 2352 3798 proximo
2418 3713 2710 3781 instante
2778 3722 2928 3802 post

839 3817 1069 3881 datum
1123 3814 1564 3902 praesentium,
1594 3813 1862 3906 ‘pariter
1926 3835 2075 3878 cum
2119 3812 2241 3878 hoc
2299 3816 2655 3901 praecepto]
2682 3814 2727 3881 :²
2771 3818 2927 3883 dato

840 3918 1239 3984 octodecimo
1303 3916 1408 3981 die
1470 3914 1649 3993 Maii,
1696 3936 1870 3979 anno
1937 3916 2125 4002 regni
2184 3917 2357 4001 regis
2419 3917 2695 3983 Henrici
2757 3920 2928 3984 sexti

839 4026 988 4108 post
1050 4022 1476 4105 conquestum
1539 4017 1850 4082 vicesimo
1902 4022 2175 4103 quarto:
2237 4028 2304 4083 et
2357 4019 2680 4105 sigilletur
2736 4043 2931 4108 super

841 4127 1233 4210 praeceptum
1281 4120 1626 4184 dimidium
1672 4118 1870 4203 sigilli
1919 4118 2108 4183 officii
2153 4121 2661 4187 cancellariatus

845 4308 942 4317 .-

1123 4308 1276 4315 ——.—
1467 4307 1646 4313 ————
1687 4306 1845 4313 -ῌ
1877 4308 2172 4314 ——-—--.—-—

906 4407 920 4439 ¹
946 4408 999 4457 A
1020 4405 1177 4455 blank
1200 4419 1347 4468 space
1370 4404 1423 4452 iu
1446 4404 1531 4452 the
1552 4402 1663 4453 MS.
1929 4405 1960 4429 ‘⁴
1989 4402 2197 4452 instante
2229 4402 2308 4453 die
2340 4402 2466 4454 Iunoe
2496 4408 2719 4469 proximo
2741 4408 2929 4471 sutura

904 4486 925 4519 2
949 4487 1059 4535 'l'hc
1094 4484 1258 4533 words
1291 4483 1341 4531 in
1378 4484 1461 4531 the
1494 4482 1723 4531 bmckets
1755 4497 1839 4532 arc
1929 4486 1958 4509 ‘⁴
1977 4498 2090 4545 pose
2137 4481 2302 4531 datum
2351 4486 2658 4548 presse-ulium
2703 4502 2808 4535 cum
2842 4486 2928 4537 lwc

840 4568 1039 4615 written
1052 4578 1171 4614 over
1193 4562 1279 4611 the
1302 4562 1403 4611 line
1426 4560 1478 4609 in
1502 4562 1587 4610 the
1604 4562 1736 4621 MS..
1755 4562 1838 4611 the
1927 4564 1957 4587 “
1975 4562 2267 4625 proeccpto.”

840 4647 1003 4696 words
1025 4642 1200 4695 crased
1224 4656 1306 4691 arc
1338 4644 1367 4667 “
1384 4656 1543 4689 coram
1576 4638 1713 4689 nobis
1746 4638 1840 4689 lmc
