3466 5635
1064 770 1241 820 ACTA
1285 771 1522 821 cunm
1567 770 2047 823 OANOELLARJI.
2475 763 2599 825 661

501 960 737 1037 uarios,
789 981 936 1025 cum
991 982 1124 1026 uno
1161 961 1425 1048 caputio
1468 962 1815 1049 sanguinei
1858 962 2104 1040 coloris,
2151 962 2237 1026 ad
2281 963 2605 1028 orandum

505 1082 624 1149 pro
668 1062 890 1127 anima
931 1084 1117 1129 mea:

603 1164 654 1228 I
651 1170 797 1244 tem,
844 1166 990 1251 lego
1036 1165 1354 1251 Magistro
1398 1166 1498 1231 W.
1547 1165 1857 1253 Mylwyn
1900 1169 2165 1231 centum
2212 1166 2454 1233 solidos
2504 1188 2604 1230 re-

502 1271 849 1331 manentes
905 1267 980 1331 in
1047 1268 1354 1333 manibus
1412 1267 1459 1332 J
1462 1268 1740 1333 ohannis
1786 1267 1947 1348 coh,
2006 1269 2471 1333 commorantis
2530 1271 2641 1357 in·

509 1370 750 1436 Cantia.
779 1371 854 1436 in
896 1372 1173 1437 marisco
1219 1372 1302 1437 de
1330 1372 1693 1459 Rompney,
1725 1377 1794 1438 et
1838 1372 1911 1437 in
1940 1372 2249 1459 parochia
2278 1373 2359 1437 de
2404 1371 2471 1437 N
2475 1395 2605 1438 ew-

501 1471 776 1551 chirche,
826 1472 954 1559 [et]
1002 1473 1337 1539 residuum
1381 1494 1538 1539 vero
1591 1474 1888 1539 omnium
1939 1473 2264 1539 bonorum
2310 1495 2602 1539 meorum

505 1572 788 1641 Oxoniae
833 1573 1271 1641 existentium
1315 1574 1399 1640 do
1445 1580 1514 1640 et
1556 1576 1702 1661 lego
1752 1574 2072 1661 Magistro
2128 1574 2232 1641 W.
2281 1576 2603 1662 Mylwyn,

499 1687 577 1740 ut
621 1676 760 1762 ipse
805 1675 1115 1762 disponat
1161 1699 1278 1762 pro
1324 1676 1538 1741 salute
1569 1676 1811 1742 animae
1854 1698 2034 1755 meae,
2069 1682 2137 1741 et
2182 1698 2300 1764 pro
2346 1677 2605 1741 exhibi-

500 1779 683 1843 tione
729 1778 1072 1843 Laurentii
1137 1778 1473 1856 Hamund,
1522 1777 1757 1843 famuli
1814 1778 1962 1857 mei,
2020 1778 2379 1844 dummodo
2439 1801 2605 1866 prae-

497 1881 716 1946 dictus
760 1880 1158 1947 Laurentius
1201 1882 1273 1945 in
1340 1880 1800 1947 Universitate
1862 1881 2139 1947 Oxoniae
2198 1887 2598 1968 permaneat,

498 1987 567 2048 et
613 1990 789 2049 stare
833 1984 1002 2049 velit
1049 1983 1172 2049 sub
1204 1984 1520 2065 custodia,
1551 1984 1891 2071 regimine,
1922 1988 1991 2048 et
2034 1983 2264 2069 regula
2299 1986 2603 2071 praedicti

498 2086 808 2171 Magistri
854 2085 1196 2151 wilhelmi
1243 2085 1590 2172 Mylwyn3
1625 2084 1903 2173 proviso
1944 2092 2170 2151 tamen
2212 2087 2403 2172 quod,
2434 2110 2599 2172 prae-

497 2187 714 2253 dictus
761 2186 1080 2273 Magister
1125 2188 1227 2253 W.
1273 2188 1360 2253 ad
1404 2188 1790 2274 ampliorem
1834 2192 1953 2252 aut
2004 2186 2369 2273 longiorem
2420 2187 2601 2253 illius

497 2288 841 2355 Laurentii
885 2289 1360 2355 exhibitionem
1403 2312 1540 2354 non
1583 2294 1842 2355 artetur
1871 2291 1981 2355 vel
2008 2290 2423 2376 astringatur
2466 2290 2602 2355 vir-

495 2397 644 2457 tute
717 2391 1060 2479 praesentis
1134 2414 1298 2457 meae
1357 2391 1726 2457 voluntatis
1804 2395 1873 2457 et
1931 2392 2335 2471 testamenti,
2401 2414 2600 2477 quam

494 2494 670 2559 vires
714 2498 784 2559 et
828 2492 1176 2559 facultates
1220 2493 1467 2560 residui
1510 2493 1838 2559 bonorum
1878 2514 2174 2559 meorum
2218 2494 2309 2559 sic
2343 2494 2602 2559 relicto-

497 2617 664 2676 rum,
712 2594 957 2660 debitis
1001 2596 1164 2659 meis
1209 2600 1278 2660 et
1323 2596 1626 2683 expensis
1671 2596 1844 2661 circa.
1872 2594 2195 2661 funeralia.
2239 2618 2387 2661 mea,
2415 2596 2599 2683 prius

491 2697 696 2783 juxta
727 2696 1191 2762 discretionem
1223 2696 1528 2783 Magistri
1573 2696 1677 2761 W.
1709 2697 2020 2783 Mylwyn
2049 2697 2282 2763 solutis
2326 2701 2395 2761 et
2425 2719 2601 2763 com-

499 2799 770 2887 putatis,
841 2821 910 2864 se
977 2799 1349 2866 extendunt
1416 2798 1523 2866 vel
1590 2799 1952 2865 extendere
2011 2803 2333 2887 possunt:
2399 2804 2484 2882 et,
2541 2801 2597 2866 si

495 2902 840 2988 contingat
884 2901 1279 2989 praedictum
1323 2901 1759 2968 Laurentium
1806 2901 2027 2988 aliquo
2058 2923 2213 2967 casu
2255 2903 2440 2981 mori,
2484 2923 2599 2968 seu

497 3007 820 3085 decedere,
868 3027 985 3070 seu
1015 3005 1264 3071 scholas
1292 3005 1364 3070 in
1398 3005 1859 3071 Universitate
1892 3005 2256 3071 Oxoniensi
2288 3007 2600 3086 deserere,

496 3113 658 3174 tunc
702 3107 1025 3194 reliquam
1068 3111 1326 3193 partem
1371 3107 1620 3173 residui
1662 3107 1846 3194 prius
1892 3107 2062 3174 circa.
2105 3108 2387 3173 eundem
2426 3109 2597 3174 Lau-

495 3209 788 3276 rentium
832 3231 967 3274 non
1013 3209 1385 3296 expositam
1430 3211 1727 3275 converti
1781 3210 2058 3295 dispono
2110 3209 2184 3274 in
2228 3210 2361 3274 alia
2406 3232 2601 3297 opera

497 3313 930 3397 eleemosynae
990 3315 1059 3375 et
1118 3311 1388 3398 pietatis
1438 3309 1643 3396 juxta
1700 3310 2199 3396 dispositionem
2245 3316 2313 3376 et
2357 3311 2597 3378 discre-

493 3416 742 3482 tionem
788 3413 1123 3501 saepedicti
1169 3412 1478 3500 Magistri
1523 3411 1624 3478 W.
1674 3413 1999 3500 Mylwyn.

578 3517 840 3583 Datum
887 3514 1184 3594 Ooeo‘nioe,
1228 3536 1436 3594 αππο,
1486 3535 1728 3593 meme,
1778 3518 1838 3579 et
1882 3512 1995 3580 die
2039 3512 2475 3600 supradictis

580 3774 948 3839 Probatum
978 3773 1110 3840 fuit
1140 3793 1426 3860 praesens
1455 3774 1929 3838 testamentum
1960 3792 2179 3836 coram
2208 3771 2418 3850 nobis,
2451 3771 2593 3838 Ma-

491 3877 701 3964 gistro
733 3875 1013 3963 Georgio
1043 3875 1110 3941 N
1113 3875 1301 3954 even,
1335 3874 1739 3940 Cancellario
1780 3873 2265 3940 Universitatis
2299 3875 2595 3954 Oxoniae,

489 3979 805 4046 vicesimo
867 3978 1068 4044 tertio
1137 3979 1245 4043 die
1315 3979 1556 4044 mensis
1616 3976 2031 4055 NovembriS,
2083 3998 2261 4042 anno
2322 3977 2595 4042 Domini

491 4082 927 4169 infrascript0‚
971 4082 1382 4146 insumatum
1439 4079 1862 4166 legitimeque
1921 4077 2432 4165 pronunciatum
2476 4101 2595 4166 pro

497 4185 768 4265 eodem3
827 4184 1296 4270 commissaque
1357 4187 1458 4248 est
1503 4180 1993 4247 administratio
2053 4179 2348 4245 omnium
2391 4180 2596 4245 bono-

495 4309 645 4350 rum
690 4287 944 4352 dictum
988 4289 1462 4351 testamentum
1521 4283 2053 4351 concernentium
2099 4283 2434 4348 executori
2493 4285 2595 4348 in-

499 4388 876 4475 fra-scripto
919 4388 993 4452 in
1022 4387 1232 4454 forma
1266 4388 1437 4475 juris
1471 4388 1718 4474 jurat0,
1765 4390 1834 4451 et
1879 4385 2188 4450 dimissus
2219 4391 2321 4453 est
2351 4409 2393 4451 a
2422 4408 2594 4452 com-

492 4496 654 4577 puto
701 4490 860 4556 inde
903 4490 1253 4569 reddend0‚
1301 4491 1482 4555 salvo
1516 4489 1667 4576 jure
1713 4488 2169 4576 cujuscunque.
