3466 5635
976 811 1371 864 sums-mum
1414 811 1978 862 convocATIoms.
2392 792 2527 864 ’757

430 1003 724 1073 Dmniwel
781 1004 1150 1074 millesimo
1205 1005 1744 1094 owinqcntceimo
1792 1028 1992 1086 nono,
2043 1003 2155 1072 die
2184 1011 2246 1070 et
2300 1025 2524 1071 mmo

379 1168 384 1173 .
430 1107 942 1196 swpmscm'qotis,
1004 1108 1093 1176 v’m,
1174 1109 1370 1176 domo
1428 1108 1970 1195 conqreyationis
2041 1108 2105 1175 U
2099 1105 2524 1176 nivem-sitatis

428 1216 750 1277 comuste.

434 1406 719 1476 Romae
778 1409 1165 1492 Gloucester,
1210 1434 1257 1481 a
1306 1411 1667 1488 Oamlite
1694 1411 1912 1498 ᾑνὶαν,
1978 1407 2316 1497 dcymded
2375 1407 2524 1476 and

1307 1514 1651 1582 banviehed.

517 1639 1053 1710 Memoramdwm
1083 1643 1279 1732 quod,
1308 1665 1483 1709 anno
1518 1643 1791 1710 Domini
1835 1641 2182 1709 milledmo
2210 1642 2523 1729 quadrin-
2609 1645 2680 1700 Δ.
2703 1663 2750 1700 ι.
2777 1655 2887 1700 193.

426 1747 789 1832 gentesimo
832 1751 1235 1839 sexagesimo
1279 1751 1579 1830 secundo,
1608 1750 1922 1818 vicesimo
1965 1749 2071 1816 die
2118 1749 2360 1816 mensis
2399 1748 2524 1816 Fe·
2557 1739 2679 1794 reb.
2701 1747 2786 1806 2⁰·
2811 1745 2954 1793 ¹4⁶²·

428 1849 695 1929 bruarii‚
735 1849 809 1915 in
862 1853 1363 1941 congregatione
1408 1852 1685 1919 solemni
1727 1873 2100 1939 processum
2145 1855 2248 1918 est
2290 1855 2524 1918 contra

428 1949 746 2017 Thomam
799 1952 1197 2042 Glowcetyr,
1254 1955 1526 2022 fratrem
1578 1955 1662 2021 de
1708 1955 1940 2021 ordine
1989 1951 2522 2036 carmelitarum,

424 2055 820 2122 auctoritate
867 2057 1121 2124 domini
1167 2056 1558 2125 cancellarii
1604 2062 1675 2124 et
1714 2057 1927 2124 totius
1957 2057 2521 2145 congregationis,

423 2165 692 2245 propter
734 2163 1097 2250 perjurium
1145 2163 1571 2230 manifestum
1620 2167 1691 2228 et
1737 2163 1871 2228 alia
1916 2161 2159 2228 delicta
2200 2162 2519 2249 graviora,

422 2261 497 2325 in
552 2263 657 2328 his
702 2266 1007 2353 scriptis3

512 2364 563 2430 I
558 2387 612 2432 η
658 2365 791 2432 Dei
840 2367 1139 2446 ποῃνὶηε,
1167 2368 1435 2434 Amen:
1482 2366 1638 2446 Nos,
1669 2365 2062 2432 Wilhelmus
2111 2364 2279 2446 Yve,
2324 2365 2518 2433 Com-

424 2468 759 2536 missarius
821 2468 1347 2536 reverendissimi
1420 2467 1688 2546 domini,
1751 2469 2001 2535 domini
2061 2467 2333 2556 Georgii
2396 2468 2522 2535 Dei

417 2574 636 2660 gratia
694 2571 971 2639 Exoniae
1024 2571 1327 2661 episcopi,
1389 2592 1467 2638 ac
1524 2570 1725 2659 hujus
1784 2571 1975 2636 almae
2040 2569 2520 2638 Universitatis

424 2674 827 2753 Cancellarii,
874 2673 1271 2740 auctoritate
1322 2677 1551 2740 nostra
1601 2678 1670 2739 et
1729 2673 1942 2741 totius
1993 2673 2520 2760 congregationis

423 2777 835 2865 Regentium,
864 2777 1183 2844 Thomam
1214 2775 1610 2864 Glowcetyr,
1644 2775 1918 2842 fratrem
1957 2775 2042 2842 de
2086 2775 2315 2842 ordine
2360 2775 2518 2843 Car·

422 2881 813 2959 mentatum,
844 2884 1116 2969 propter
1144 2877 1505 2968 perjurium
1554 2885 1624 2946 et
1666 2879 1800 2945 alia
1840 2878 2104 2945 notoria
2132 2878 2374 2945 delicta
2401 2902 2518 2967 per

420 3006 572 3049 eum
622 2982 799 3047 infra
854 2982 1283 3069 praecinctum
1333 2981 1814 3048 Universitatis
1871 2980 2234 3061 commissa,
2297 2980 2516 3047 decer-

420 3087 639 3151 nimus
692 3083 1203 3172 degradandum,
1236 3088 1306 3149 et
1350 3085 1567 3171 ipsum
1615 3082 1701 3149 ab
1749 3083 1930 3150 omni
1979 3084 2190 3171 gradu
2217 3090 2516 3171 suscepto

418 3188 871 3275 degradamus,
898 3186 1272 3255 inhibentes
1302 3186 1431 3252 sibi
1458 3207 1721 3253 omnem
1768 3184 2224 3252 executionem
2270 3184 2516 3272 gradus

416 3290 781 3358 scholastici
808 3314 825 3370 ;
872 3288 1169 3378 Insuper,
1193 3290 1350 3375 quia
1370 3288 1660 3377 legitime
1690 3288 1934 3355 citatus
1962 3309 2098 3354 non
2127 3289 2512 3375 comparuit,

418 3393 823 3459 decernimus
853 3414 1003 3457 eum
1033 3390 1378 3457 manifeste
1422 3396 1495 3457 et
1538 3390 1997 3477 multipliciter
2041 3393 2512 3469 contumacem,

414 3518 491 3561 ac
520 3494 592 3559 in
640 3516 903 3581 poenam
956 3515 1094 3561 suae
1139 3493 1565 3560 contumaciae
1610 3514 1762 3558 eum
1808 3492 1893 3560 ab
1945 3491 2402 3560 Universitate
2446 3498 2516 3558 et

414 3598 772 3686 praecinctu
817 3596 1106 3683 ejusdem
1148 3594 1501 3662 bannimus
1544 3595 1618 3659 in
1657 3594 1761 3660 his
1811 3594 2085 3682 scriptis.

414 3824 495 3891 M
491 3846 605 3893 ass
649 3824 771 3911 for
812 3823 917 3891 the
949 3822 1261 3912 founder
1304 3823 1385 3910 os
1416 3822 1519 3890 the
1562 3822 1871 3891 Duman
1913 3820 2082 3889 cheat
2117 3818 2507 3909 postponed.

501 3964 825 4031 Vicesimo
874 3963 1084 4050 primo
1131 3962 1239 4029 die
1287 3961 1555 4050 Aprilis,
1593 3982 1895 4028 concessa
1935 3964 2039 4027 est
2081 3958 2315 4049 gratia,
2348 3980 2504 4045 qua-
2598 3970 2664 4024 A.
2688 3986 2734 4023 a.
2761 3976 2870 4023 126.

409 4072 607 4133 tenus
637 4067 837 4132 missa
865 4064 1253 4132 celebranda
1293 4086 1411 4152 pro
1457 4064 1757 4144 Duncan,
1788 4063 2086 4151 proximo
2115 4062 2222 4127 die
2248 4059 2503 4149 legibili
2527 4054 2674 4119 April
2699 4062 2781 4121 21,
2807 4062 2950 4111 1463.

408 4174 558 4256 post
602 4168 981 4234 electionem
1030 4167 1548 4246 Procuratorum,
1592 4166 1802 4254 possit
1859 4164 2110 4231 differri
2161 4184 2366 4249 usque
2413 4163 2500 4227 ad

408 4272 613 4337 alium
646 4270 817 4336 diem
850 4292 985 4335 non
1028 4268 1378 4357 legibilem,
1409 4270 1483 4333 in
1528 4291 1659 4356 quo
1698 4269 1947 4355 poterit
1985 4266 2318 4348 celebrari,
2351 4286 2499 4332 con-

409 4373 862 4453 ditionaliter3
930 4371 1220 4439 conditio
1286 4375 1387 4436 est
1446 4371 1622 4457 quod
1674 4371 2037 4437 celebretur
2081 4371 2154 4435 in
2204 4368 2312 4434 die
2365 4366 2494 4432 Do-

410 4476 649 4540 minico
679 4474 907 4561 primo,
