3466 5635
1015 915 1194 965 Aen
1238 915 1472 965 omum
1520 913 1998 965 cAnanLARn.
2432 898 2566 970 '717

465 1099 705 1186 ligavit
737 1120 805 1167 se
834 1097 923 1168 ad
951 1097 1325 1169 faciendum
1354 1099 1671 1166 ambones
1700 1121 1852 1165 cum
1895 1099 2192 1169 formulis
2221 1122 2343 1186 pro
2373 1101 2568 1165 novis

465 1201 701 1268 scholis
750 1221 952 1267 sacrae
1022 1201 1373 1287 theologiae
1421 1199 1719 1280 Oxoniae,
1773 1201 1921 1282 viz„
1973 1201 2258 1288 triginta.
2317 1206 2568 1289 septem

466 1301 779 1368 ambones
832 1325 980 1370 cum
1025 1303 1323 1370 scabellis
1366 1302 2046 1391 correspondentibus,
2083 1304 2205 1370 sub
2250 1303 2462 1370 forma
2501 1310 2570 1370 et

466 1404 664 1469 modo
717 1404 1023 1472 tractatis
1070 1404 1145 1472 in
1197 1404 1442 1469 eisdem
1495 1405 1731 1470 scholis
1779 1405 1852 1472 in
1880 1407 2232 1494 praesentia
2261 1405 2568 1471 Doctoris

470 1505 745 1586 Calbek,
770 1505 1083 1594 Magistri
1106 1506 1445 1572 wilhelmi
1475 1505 1860 1596 Lamptone,
1896 1506 2208 1597 Magistri
2239 1506 2286 1572 J
2289 1507 2570 1574 ohannis

462 1607 701 1698 Byrde‚
734 1613 803 1674 et
848 1607 1155 1696 Magistri
1200 1607 1477 1688 Amold‚
1523 1629 1600 1673 ac
1644 1608 1956 1696 Magistri
1987 1609 2260 1676 Ricardi
2293 1609 2470 1696 Mey,
2496 1612 2568 1674 et

466 1710 597 1774 mei
620 1709 889 1776 Thomae
920 1709 1388 1790 Chaundelere,
1423 1708 1906 1776 Universitatis
1937 1710 2217 1776 Oxoniae
2250 1709 2572 1778 Commis-

469 1811 623 1876 sarii
682 1813 1027 1899 generalis,
1079 1813 1179 1877 ita.
1239 1812 1416 1898 quod
1465 1811 1642 1878 idem
1696 1833 1862 1905 opus
1907 1811 2114 1902 plene,
2161 1813 2460 1903 perfecte,
2506 1816 2575 1878 et
2643 1838 2648 1842 ·

466 1914 634 1979 bene
662 1915 1057 2000 perficiatur,
1089 1915 1447 1982 secundum
1477 1913 1758 1982 formam
1804 1917 1873 1979 et
1904 1915 2174 1984 modum
2205 1914 2572 2009 praedictOS,

468 2021 622 2082 ante
680 2017 928 2086 festum
1014 2017 1077 2084 S.
1156 2016 1445 2084 Andreae
1504 2015 1885 2103 proximum
1932 2015 2255 2098 futurum,
2317 2022 2388 2084 et
2448 2017 2571 2082 sub

468 2141 667 2206 poena.
724 2119 1167 2206 quadraginta.
1210 2117 1529 2186 librarum
1575 2117 2022 2186 Universitati
2066 2119 2402 2207 praedictae
2447 2119 2575 2184 sol-

468 2222 845 2301 vendarum.
937 2221 1111 2287 Acta
1140 2225 1301 2286 sunt
1327 2222 1472 2287 haec
1500 2242 1719 2286 coram
1763 2221 1968 2302 nobiS,
2018 2221 2270 2286 Thoma
2303 2221 2568 2287 Chaun-

471 2323 702 2402 delere,
736 2321 1199 2390 commissario
1228 2322 1581 2401 antedicto,
1626 2321 1943 2410 praedieto
1988 2321 2095 2388 die
2138 2321 2187 2387 J
2189 2320 2352 2400 unii,
2397 2343 2574 2387 anno

469 2425 741 2490 Domini
800 2425 1148 2491 millesimo
1207 2423 1856 2512 quadringentesimo
1917 2423 2321 2514 sexagesimo
2367 2428 2575 2504 sexto,

468 2527 543 2591 in
585 2527 940 2615 praesentia
983 2527 1289 2594 Doctoris
1334 2526 1626 2616 Cokkys,
1660 2526 1970 2616 Magistri
1999 2527 2049 2598 J
2051 2526 2329 2592 ohannis
2361 2525 2577 2614 Moly-

470 2651 666 2714 neux‚
716 2629 1022 2716 Magistri
1064 2628 1113 2694 J
1116 2629 1395 2698 ohannis
1442 2627 1720 2696 Arnold.
1843 2628 1974 2695 Pro
2019 2629 2261 2718 quibus
2303 2627 2578 2720 recipiet

470 2730 710 2817 viginti
778 2730 943 2797 duas
1002 2730 1221 2814 libras,
1268 2753 1501 2798 verum
1565 2730 1639 2796 in
1700 2735 1961 2825 partem
2029 2731 2374 2798 solutionis
2437 2753 2576 2821 prae

470 2833 779 2901 manibus
823 2834 1017 2899 modo
1062 2834 1298 2922 recipit
1343 2838 1611 2900 centum
1654 2834 1900 2901 solidos
1959 2856 2075 2922 per
2134 2856 2371 2900 manus
2433 2832 2577 2899 Ma—

468 2935 666 3023 gistri
724 2935 994 3002 Ricardi
1054 2934 1230 3023 Moy,
1276 2935 1511 3002 vicarii
1570 2935 1858 3002 ecclesiae
1913 2935 1976 3003 S.
2024 2936 2303 3003 Helenae
2347 2935 2573 3003 Aben-

474 3037 702 3105 doniae.

662 3308 933 3379 Several
964 3330 1247 3401 persons
1272 3308 1475 3401 fimd
1501 3308 1626 3397 sor
1669 3307 2000 3397 caro-qu
2041 3330 2372 3402 weapons.

563 3486 961 3555 Laurentius
1007 3486 1076 3551 N
1078 3486 1247 3572 evyl,
1286 3486 1629 3551 convictus
1676 3484 1761 3550 de
1803 3484 2180 3571 portatione
2225 3504 2575 3562 armorum,
2669 3498 2736 3549 A.
2760 3512 2835 3549 aa.
2857 3501 2971 3548 229.

472 3589 912 3655 incarceratus
956 3589 1067 3655 red
1076 3588 1249 3654 didit
1293 3608 1494 3668 arma,
1542 3591 1613 3652 et
1657 3586 1862 3653 solvit
1905 3587 2070 3655 duos
2113 3586 2368 3651 solidos.
2602 3581 2731 3646 ³⁰15
2753 3586 2836 3645 26,
2861 3585 3005 3631 1466-

565 3690 901 3777 Eugenius
964 3690 1283 3775 Foylond,
1330 3689 1673 3756 convictus
1720 3689 1804 3754 de
1863 3688 2081 3770 simili,
2141 3687 2579 3755 incarceratus

475 3791 769 3861 reddidit
812 3814 1011 3869 arma,
1060 3796 1131 3861 et
1176 3792 1381 3862 solvit
1426 3792 1591 3861 duos
1636 3791 1894 3863 solidos.

566 3896 911 3981 Philippus
953 3894 1239 3972 Walshe,
1312 3894 1659 3965 convictus
1723 3893 1808 3963 de
1874 3891 2093 3974 simili,
2139 3893 2580 3965 incarceratus

474 3997 767 4065 reddidit
809 4018 1011 4076 arma,
1058 4002 1128 4066 et
1170 3997 1374 4063 solvit
1418 3996 1585 4065 dnos
1630 3994 1888 4067 solidos.

570 4097 589 4135 ¹
616 4098 1010 4169 Procumtor
1052 4098 1387 4168 Australis
1431 4098 1637 4169 habet
1680 4098 2053 4191 portionem
2099 4094 2582 4168 Universitatis

476 4204 549 4269 et
591 4201 925 4288 portiones
972 4200 1493 4275 Procuratomm.

546 4510 713 4567 ιἸἾιίιι
746 4510 794 4564 ia
835 4509 1035 4563 written
1072 4509 1129 4559 in
1173 4524 1207 4565 a
1250 4509 1487 4565 different
1576 4512 2024 4565 wardsananote
2057 4507 2209 4563 osan
2241 4507 2456 4562 unusual
2490 4508 2583 4559 cir·

478 4592 632 4655 hand,
656 4592 757 4642 and
780 4590 1054 4657 obviously
1075 4590 1301 4641 inserted
1334 4590 1485 4641 aster-
1576 4596 1880 4641 cumstanoe.
2015 4650 2022 4660 ,
