3466 5635
1021 863 1196 912 Aen
1242 863 1476 912 cums:
1525 863 1997 912 oANcsLLAnn.
2430 847 2558 916 52⁸7

546 1049 1095 1128 Momm-andum,
1157 1051 1332 1136 quod
1393 1051 1710 1137 praefatus
1779 1049 2169 1114 Wilhelmus
2236 1049 2552 1136 Bysshop,
2577 1073 3020 1128 rhadamanthum

463 1151 805 1230 Scholaris,
841 1154 1106 1238 juratus
1151 1158 1221 1219 et
1265 1151 1702 1230 examinatae,
1749 1151 2085 1217 fatebatur
2117 1151 2355 1238 [quod]
2382 1149 2401 1186 ¹
2435 1152 2483 1217 J
2485 1173 2553 1216 o·
2578 1125 2651 1170 w·
2668 1125 2890 1180 synhop.

458 1254 708 1321 hannes
774 1253 1004 1321 ffelerd
1066 1255 1424 1342 praedictus
1486 1254 1721 1321 ludens
1789 1276 1938 1320 cum
2003 1251 2234 1319 baculo
2298 1276 2339 1318 a
2400 1275 2553 1319 casu

457 1357 777 1443 percussit
836 1358 1072 1444 ipsum,
1119 1363 1364 1436 tamen,
1408 1363 1489 1453 ut
1549 1355 1887 1423 fatebatur
1951 1358 2286 1444 praefatus,
2333 1356 2550 1443 ipsum

454 1481 601 1524 cum
649 1459 766 1526 illa.
808 1461 1222 1555 percussione
1269 1481 1403 1524 non
1449 1460 1640 1537 laesit,
1685 1481 1809 1526 nec
1854 1480 1941 1524 ex
1985 1459 2211 1545 aliqua
2239 1460 2550 1547 praecogi-

456 1568 603 1626 tata
665 1563 926 1628 malitia
987 1563 1205 1649 ipsum
1267 1562 1626 1649 percussit:
1697 1566 1770 1626 et
1830 1563 2061 1628 statim
2134 1567 2291 1648 post
2348 1562 2549 1627 istam

456 1666 938 1750 percussionem
1014 1666 1275 1730 revenit
1357 1665 1674 1751 praefatus
1749 1663 2141 1729 Wilhelmus
2220 1664 2553 1730 adducens

455 1787 668 1831 seeum
720 1766 884 1832 duos
929 1765 1304 1846 Scholares;
1350 1765 1525 1831 dixit
1569 1765 1847 1852 praefato
1898 1764 1946 1831 J
1947 1766 2194 1832 ohanni
2241 1773 2320 1832 ut
2365 1769 2555 1832 daret

455 1868 584 1932 sibi
651 1868 980 1946 baculum,
1048 1875 1135 1949 et,
1213 1870 1355 1956 ipso
1414 1869 1694 1948 nolente,
1772 1869 2089 1957 praefatus
2163 1869 2554 1935 wilhelmus

455 1977 525 2037 et
571 1972 704 2037 duo
749 1971 1088 2038 Scholares
1156 1991 1375 2036 secum
1437 1971 1868 2036 advenientes
1912 1977 2185 2037 tenuere
2229 1972 2555 2048 baculum,

453 2073 754 2140 volentes
797 2095 1022 2161 rapere
1065 2097 1108 2138 a
1151 2095 1350 2138 manu
1395 2073 1698 2160 praedicti
1741 2073 1788 2140 J
1792 2073 2087 2152 ohannis,
2121 2074 2237 2160 qui
2281 2075 2551 2140 tandem

455 2175 705 2241 habens
774 2176 1078 2242 baculum
1143 2176 1214 2240 in
1279 2197 1398 2240 sua
1441 2175 1770 2253 libertate,
1825 2177 2147 2262 percussit
2199 2177 2551 2263 praefatum

455 2277 882 2344 Wilhelmum
928 2278 1248 2364 Bysshop,
1295 2283 1368 2342 ut
1415 2281 1846 2364 praenotatur.

883 2521 1230 2610 C'arryiny
1276 2547 1588 2612 weapovw
1635 2523 1716 2610 by
1762 2547 1805 2590 (ι
1852 2525 2147 2592 Scholar.

542 2663 622 2727 M
617 2664 1088 2740 maorandwm,
1137 2664 1314 2749 quod
1361 2686 1578 2730 coram
1623 2664 1815 2730 nobis
1864 2665 2184 2752 Magistro
2234 2664 2549 2744 Gorsuch‚
2644 2691 2713 2740 A.
2737 2704 2812 2740 η,
2837 2693 2919 2739 25.

456 2767 937 2846 Cominissario,
984 2767 1113 2845 δια,
1163 2767 1404 2833 mensis
1451 2765 1853 2834 Novembris
1918 2767 2023 2833 die
2076 2776 2325 2849 octava,
2374 2791 2552 2834 anno
2599 2781 2731 2832 Nor.
2758 2785 2805 2841 s,
2836 2785 2977 2831 1442.

457 2869 724 2935 Domini
771 2870 1232 2958 suprascripto,
1266 2872 1536 2956 quidam
1569 2870 1963 2936 Wilhelmus
1995 2872 2321 2951 Thonder‚
2354 2872 2551 2936 Scho-
2576 2871 2881 2915 W·'1'*¹⁰¹¹‘1⁰¹’
2895 2870 2947 2912 ⁰¹

455 2973 610 3037 laris
641 2972 723 3038 de
754 2979 792 3009 “
821 2972 1132 3038 C'oventre
1161 2973 1240 3038 H
1236 2971 1390 3053 all,”
1421 2973 1634 3039 altero
1668 2972 2173 3039 Procuratorum
2220 2974 2551 3040 assidente
2574 2920 2931 3093 Ξέᾗίὲὲὶῖἓ
2954 2920 2995 2963 ¹³

453 3082 534 3140 ut
595 3081 696 3141 est
771 3074 988 3155 moris,
1067 3097 1262 3163 super
1327 3076 1580 3142 latione
1598 3074 1626 3113 ²
1691 3096 2021 3141 armorum
2089 3076 2384 3163 legitime
2448 3081 2549 3141 est
2574 3072 2947 3177 Qfflae‘

454 3178 806 3275 convictus,
856 3178 1092 3244 deinde
1137 3184 1369 3264 captus
1412 3178 1856 3243 incarceratus
1900 3178 1974 3243 in
2018 3179 2329 3255 Bocardo,
2362 3180 2549 3265 quasi
2572 3186 2701 3228 9⁰⁰⁸·

453 3302 496 3345 a
539 3278 816 3345 meridie
861 3279 968 3345 die
1013 3279 1291 3345 Veneris
1336 3302 1541 3366 usque
1586 3281 1658 3345 in
1705 3280 2123 3347 undecimam
2167 3280 2395 3346 horam
2444 3280 2551 3347 die

453 3382 731 3447 Sabbati
762 3383 1063 3469 proxime
1107 3384 1459 3469 sequentis,
1489 3382 1788 3469 perdidit
1821 3404 2021 3460 arma,
2056 3382 2259 3447 solvit
2288 3404 2551 3470 poenam

453 3484 814 3550 secundum
843 3506 1022 3549 nova
1067 3490 1342 3564 statuta,
1374 3484 1622 3551 scilicet
1650 3485 1817 3550 duos
1847 3484 2103 3563 solidos
2135 3496 2205 3550 et
2249 3486 2556 3551 exhibuit

453 3586 607 3673 fidej
615 3608 867 3652 ussores
918 3586 1000 3652 de
1043 3582 1286 3653 stando
1329 3587 1595 3674 pacifice
1638 3587 1817 3652 infra
1859 3587 2387 3653 Universitatem
2435 3589 2557 3653 sub

455 3708 656 3775 poena
715 3690 973 3765 statuti,
1033 3689 1283 3756 scilicet
1345 3689 1660 3756 Thomam
1713 3689 1973 3781 Grome,
2043 3698 2073 3724 “
2097 3690 2425 3776 taylour,'’
2490 3697 2558 3757 et

457 3790 881 3856 wilhelmum
913 3792 1270 3877 Wykham,
1304 3799 1338 3827 “
1361 3792 1659 3878 skynmr
1679 3816 1704 3871 ;
1723 3791 1761 3817 ’'
1808 3792 1923 3878 qui
1955 3792 2156 3856 etiam
2185 3792 2557 3858 intervene-

455 3900 616 3957 runt
651 3890 1064 3979 fidejussores
1111 3903 1148 3929 “
1173 3894 1254 3957 de
1285 3916 1418 3960 non
1447 3892 1833 3971 trabend0,”
1862 3896 1992 3971 δια,
2014 3900 2095 3959 ut
2123 3899 2311 3980 patet
2340 3916 2554 3981 supra.

2096 4048 2127 4087 δ

515 4170 578 4231 Α
634 4166 910 4233 Scholar
951 4168 1364 4235 summwned
1409 4168 1616 4254 before
1662 4168 1768 4234 the
1818 4168 1999 4235 Ohan
2010 4168 2259 4235 calloo-'s
2306 4170 2493 4235 Uom-

767 4268 1066 4355 mimo-y
1111 4268 1192 4356 by
1237 4270 1338 4335 the
1383 4269 1758 4357 melncv'spal
1802 4271 1883 4355 of
1916 4270 2023 4335 his
2068 4271 2146 4336 H
2142 4271 2254 4339 all..

545 4418 626 4483 Μ
622 4421 1093 4501 emm-machont,
1160 4422 1336 4508 quod
1411 4422 1482 4487 in
1559 4422 1791 4509 vigilia
1858 4422 1919 4487 S.
1990 4422 2277 4501 Thomae,
2338 4446 2554 4490 coram
2682 4438 2807 4489 Dee.
2838 4444 2919 4491 20.

457 4520 783 4609 Magistro
836 4523 882 4588 J
885 4523 1144 4589 ohanne
1199 4524 1509 4601 Gorsueh‚
1557 4523 2025 4590 Commissario
2086 4525 2377 4612 generali
2440 4528 2553 4592 do·
2578 4520 2964 4625 ssffi‘gfnssg„

1650 4677 1752 4683 “-
2423 4680 2532 4687 -——--

527 4762 540 4792 ¹
563 4762 696 4826 quod
715 4764 948 4826 repeated
971 4763 1024 4812 in
1047 4763 1159 4813 MS.
1419 4788 1428 4795 -
1491 4760 1500 4828 Ι
1593 4760 1614 4793 ²
1636 4760 1873 4817 bacinum.
1896 4762 2009 4813 MS.

2166 4860 2206 4907 L
2252 4860 2292 4908 L
